%% This BibTeX bibliography file was created using BibDesk.
%% http://bibdesk.sourceforge.net/


@article{Crowston:monday2005,
	Author = {K. Crowston and J. Howison},
	Date-Added = {2013-02-19 23:35:37 +0000},
	Date-Modified = {2013-02-19 23:36:15 +0000},
	Journal = {First Monday},
	Number = {2},
	Title = {The social structure of free and open source software development},
	Volume = {10},
	Year = {2005}}

@inproceedings{Mukadam:2013,
 author = {Mukadam, Murtuza and Bird, Christian and Rigby, Peter C.},
 title = {Gerrit Software Code Review Data from Android},
 booktitle = {Proceedings of the 10th Working Conference on Mining Software Repositories},
 series = {MSR '13},
 year = {2013},
 isbn = {978-1-4673-2936-1},
 location = {San Francisco, CA, USA},
 pages = {45--48},
 numpages = {4},
 url = {http://dl.acm.org/citation.cfm?id=2487085.2487095},
 publisher = {IEEE Press},
 address = {Piscataway, NJ, USA},
} 

%% Saved with string encoding Unicode (UTF-8) 

@book{logit,
	Author = {David Hosmer and Stanley Lemeshow},
	Publisher = {Wiley},
	Title = {Applied Logistic Regression (2nd Edition)},
	Year = {2000}}

@inproceedings{RoblesGH09,
  author    = {Gregorio Robles and
               Jes{\'u}s M. Gonz{\'a}lez-Barahona and
               Israel Herraiz},
  title     = {Evolution of the core team of developers in libre software
               projects},
  booktitle = {Proceedings of the 6th International Working Conference
               on Mining Software Repositories, MSR 2009, Vancouver, BC, Canada, May 16-17, 2009},
  year      = {2009},
  pages     = {167-170},
  publisher = {IEEE},
  ee        = {http://dx.doi.org/10.1109/MSR.2009.5069497},
  bibsource = {DBLP, http://dblp.uni-trier.de}
}

@inproceedings{rahman2012,
  author    = {Foyzur Rahman and Daryl Posnett and Premkumar Devanbu},
  title     = {Recalling the "Imprecision" of Cross-Project Defect Prediction},
  booktitle = {Proceedings of the ACM-Sigsoft 20th International Symposium on the Foundations of Software Engineering (FSE-20)},
  address = { Research Triangle Park, NC, USA},
  year      = {2012},
  publisher = {ACM},
  pages     = {61},
}

@article{vanderLinden:2009,
 author = {van der Linden, Frank and Lundell, Bjorn and Marttiin, Pentti},
 title = {Commodification of Industrial Software: A Case for Open Source},
 journal = {IEEE Softw.},
 issue_date = {July 2009},
 volume = {26},
 number = {4},
 month = jul,
 year = {2009},
 issn = {0740-7459},
 pages = {77--83},
 numpages = {7},
 url = {http://dx.doi.org/10.1109/MS.2009.88},
 doi = {10.1109/MS.2009.88},
 acmid = {1592165},
 publisher = {IEEE Computer Society Press}
} 

@article{Stone74,
	YEAR = {1974},
	AUTHOR = {M. Stone},
	JOURNAL = {Journal of the Royal Statistical Society B},
	TITLE = {Cross-validatory choice and assesment of statistical predictions (with discussion)},
	VOLUME = {36},
	PAGES = {111-147}
}


@inproceedings{BirdNMGD11,
  author    = {Christian Bird and
               Nachiappan Nagappan and
               Brendan Murphy and
               Harald Gall and
               Premkumar T. Devanbu},
  title     = {Don't touch my code!: examining the effects of ownership
               on software quality},
  booktitle = {SIGSOFT/FSE'11 19th ACM SIGSOFT Symposium on the Foundations
               of Software Engineering and 13rd European
               Software Engineering Conference, Szeged, Hungary,
               September 5-9, 2011},
  year      = {2011},
  pages     = {4-14},
publisher = {ACM},
  ee        = {http://doi.acm.org/10.1145/2025113.2025119},
  bibsource = {DBLP, http://dblp.uni-trier.de}
}

@inproceedings{BacchelliLR10,
  author    = {Alberto Bacchelli and
               Michele Lanza and
               Romain Robbes},
  title     = {Linking e-mails and source code artifacts},
  booktitle = {Proceedings of the 32nd ACM/IEEE International Conference
               on Software Engineering - Volume 1, ICSE 2010, Cape Town,
               South Africa, 1-8 May 2010},
  year      = {2010},
  pages     = {375-384},
  publisher = {ACM},
  ee        = {http://doi.acm.org/10.1145/1806799.1806855},
  bibsource = {DBLP, http://dblp.uni-trier.de}
}


@inproceedings{FronzaS09,
  author    = {Ilenia Fronza and
               Giancarlo Succi},
  title     = {Modeling Spontaneous Pair Programming When New Developers
               Join a Team},
  booktitle = {Agile Processes in Software Engineering and Extreme Programming,
               10th International Conference, XP 2009, Pula, Sardinia,
               Italy, May 25-29, 2009. Proceedings},
  year      = {2009},
  pages     = {242-244},
  publisher = {Springer},
  ee        = {http://dx.doi.org/10.1007/978-3-642-01853-4_50},
  bibsource = {DBLP, http://dblp.uni-trier.de}
}


@inproceedings{FronzaSSV11,
  author    = {Ilenia Fronza and
               Alberto Sillitti and
               Giancarlo Succi and
               Jelena Vlasenko},
  title     = {Understanding how novices are integrated in a team analysing
               their tool usage},
  booktitle = {International Conference on Software and Systems Process,
               ICSSP 2011, Honolulu, HI, USA, May 21-22, 2011, Proceedings},
  year      = {2011},
  publisher = {ACM},
  pages     = {204-207},
  ee        = {http://doi.acm.org/10.1145/1987875.1987910},
  bibsource = {DBLP, http://dblp.uni-trier.de}
}


@inproceedings{FronzaSS09,
  author    = {Ilenia Fronza and
               Alberto Sillitti and
               Giancarlo Succi},
  title     = {An interpretation of the results of the analysis of pair
               programming during novices integration in a team},
  booktitle = {Proceedings of the Third International Symposium on Empirical
               Software Engineering and Measurement, ESEM 2009, October
               15-16, 2009, Lake Buena Vista, Florida, USA},
  year      = {2009},
  pages     = {225-235},
  ee        = {http://doi.acm.org/10.1145/1671248.1671270},
  bibsource = {DBLP, http://dblp.uni-trier.de}
}


@book{sheskin,
    PUBLISHER = {Chapman \& All},
    YEAR = {2007},
    AUTHOR = {Sheskin D.J.},
    TITLE = {Handbook of Parametric and Nonparametric Statistical Procedures (fourth edition)}
}

@Article{holm,
  author = 	 {S. Holm},
  title = 	 {A Simple Sequentially Rejective {B}onferroni Test Procedure},
  journal = 	 {Scandinavian Journal on Statistics},
  year = 	 {1979},
  volume = 	 {6},
  pages = 	 {65-70}
}

@inproceedings{ArandaV09,
  author    = {Jorge Aranda and
               Gina Venolia},
  title     = {The secret life of bugs: Going past the errors and omissions
               in software repositories},
  booktitle = {31st International Conference on Software Engineering, ICSE
               2009, May 16-24, 2009, Vancouver, Canada, Proceedings},
  year      = {2009},
  pages     = {298-308},
  bibsource = {DBLP, http://dblp.uni-trier.de}
}


@Article{jaccard,
  author = 	 {Jaccard, Paul},
  title = 	 {Etude comparative de la distribution florale dans une portion des Alpes et des JurA},
  journal = 	 {Bulletin de la Société Vaudoise des Sciences Naturelles},
  year = 	 {1901},
  number = 	 {37}
}

@inproceedings{DagenaisOBRV10,
  author    = {Barth{\'e}l{\'e}my Dagenais and
               Harold Ossher and
               Rachel K. E. Bellamy and
               Martin P. Robillard and
               Jacqueline de Vries},
  title     = {Moving into a new software project landscape},
  booktitle = {Proceedings of the 32nd ACM/IEEE International Conference
               on Software Engineering - Volume 1, ICSE 2010, Cape Town,
               South Africa, 1-8 May 2010},
  year      = {2010},
  pages     = {275-284},
  ee        = {http://doi.acm.org/10.1145/1806799.1806842},
publisher = {ACM},
  bibsource = {DBLP, http://dblp.uni-trier.de}
}

@inproceedings{Canfora:fse2012,
	Address = {Cary, NC, USA},
	Author = {Gerardo Canfora and Massimiliano {Di Penta} and Rocco Oliveto and Sebastiano Panichella},
	Booktitle = {Proceedings of the 20th ACM SIGSOFT Symposium on the Foundations of Software Engineering},
	Pages = {44},
	Title = {Who is going to mentor newcomers in open source projects?},
	pages = {44:1--44:11},
	Year = {2012}}
	

@inproceedings{YODAIcse2013,
	Address = {San Francisco, CA, USA},
  author    = {Gerardo Canfora and
               Massimiliano Di Penta and
               Stefano Giannantonio and
               Rocco Oliveto and
               Sebastiano Panichella},
  booktitle = {35th International Conference on Software Engineering},
  title     = {YODA: young and newcomer developer assistant},
  pages     = {1331-1334},
  year      = {2013},
}

	@book{Sheskin:2007,
 author = {Sheskin, David J.},
 title = {Handbook of Parametric and Nonparametric Statistical Procedures},
 year = {2007},
 isbn = {1584888148, 9781584888147},
 edition = {4},
 publisher = {Chapman \& Hall/CRC},
} 
	
	@INPROCEEDINGS{Guzzi2013MSR,
  author    = {Anja Guzzi and
               Alberto Bacchelli and
               Michele Lanza and
               Martin Pinzger and
               Arie {van Deursen}},
  title     = {Communication in open source software development mailing
               lists},
  booktitle = {Proceedings of the 10th Working Conference on Mining Software
               Repositories, MSR '13, San Francisco, CA, USA, May 18-19,
               2013},
  year      = {2013},
  publisher = {IEEE / ACM},
  pages     = {277-286},
  ee        = {http://dl.acm.org/citation.cfm?id=2487139},
  bibsource = {DBLP, http://dblp.uni-trier.de}
 }
	

 @inproceedings{ICSM2014Seba, 
author={Sebastiano Panichella and
               Gabriele Bavota and
			   Massimiliano {Di Penta} and
               Gerardo Canfora and
               Giuliano Antoniol
			   }, 
booktitle={ICSME 2014. IEEE International Conference on Software Maintenance and Evolution}, 
title={How Developers' Collaborations Identified from Different Sources Tell us About Code Changes.}, 
year={2014} 
}
	
@inproceedings{Steinmacher2012, 
Author={Steinmacher, I. and Wiese, I.S. and Chaves, A.P. and Gerosa, M.A.}, 
Booktitle={Collaborative Systems (SBSC), 2012 Brazilian Symposium on}, 
Pages={65-74}, 
Title={Newcomers Withdrawal in Open Source Software Projects: Analysis of Hadoop Common Project}, 
Year={2012} 
}

 
@inproceedings{Steinmacher2013, 
Author={Steinmacher, I. and Wiese, I. and Chaves, A.P. and Gerosa, M.A.}, 
Title={Why do newcomers abandon open source software projects?}, 
Booktitle={Cooperative and Human Aspects of Software Engineering (CHASE), 2013 6th International Workshop on}, 
Pages={25-32}, 
Year={2013}
}

@inproceedings{Steinmacher:2014,
 author = {Steinmacher, Igor and Wiese, Igor Scaliante and Conte, Tayana and Gerosa, Marco Aur{\'e}lio and Redmiles, David},
 title = {The Hard Life of Open Source Software Project Newcomers},
 booktitle = {Proceedings of the 7th International Workshop on Cooperative and Human Aspects of Software Engineering},
 series = {CHASE 2014},
 year = {2014},
 pages = {72--78},
 publisher = {ACM}
 }

@inproceedings{CataldoHC08,
  author    = {Marcelo Cataldo and
               James D. Herbsleb and
               Kathleen M. Carley},
  title     = {Socio-technical congruence: a framework for assessing the
               impact of technical and work dependencies on software development
               productivity},
  booktitle = {Proceedings of the Second International Symposium on Empirical
               Software Engineering and Measurement, ESEM 2008, October
               9-10, 2008, Kaiserslautern, Germany},
  year      = {2008},
  pages     = {2-11},
  publisher = {ACM},
  ee        = {http://doi.acm.org/10.1145/1414004.1414008},
  bibsource = {DBLP, http://dblp.uni-trier.de}
}


@inproceedings{CataldoWHC06,
  author    = {Marcelo Cataldo and
               Patrick Wagstrom and
               James D. Herbsleb and
               Kathleen M. Carley},
  title     = {Identification of coordination requirements: implications
               for the Design of collaboration and awareness tools},
  booktitle = {Proceedings of the 2006 ACM Conference on Computer Supported
               Cooperative Work, CSCW 2006, Banff, Alberta, Canada, November
               4-8, 2006},
  year      = {2006},
  pages     = {353-362},
  ee        = {http://doi.acm.org/10.1145/1180875.1180929},
  bibsource = {DBLP, http://dblp.uni-trier.de}
}

@inproceedings{ZhouM11,
  author    = {Minghui Zhou and
               Audris Mockus},
  title     = {Does the initial environment impact the future of developers},
  booktitle = {Proceedings of the 33rd International Conference on Software
               Engineering, ICSE 2011, Waikiki, Honolulu , HI, USA, May
               21-28, 2011},
  year      = {2011},
  pages     = {271-280},
  publisher = {ACM},
  ee        = {http://doi.acm.org/10.1145/1985793.1985831},
  bibsource = {DBLP, http://dblp.uni-trier.de}
}

@inproceedings{ZhouM10,
  author    = {Minghui Zhou and
               Audris Mockus},
  title     = {Growth of newcomer competence: challenges of globalization},
  booktitle = {Proceedings of the Workshop on Future of Software Engineering
               Research, FoSER 2010, at the 18th ACM SIGSOFT International
               Symposium on Foundations of Software Engineering, 2010,
               Santa Fe, NM, USA, November 7-11, 2010},
  year      = {2010},
  pages     = {443-448},
  ee        = {http://doi.acm.org/10.1145/1882362.1882452},
  bibsource = {DBLP, http://dblp.uni-trier.de}
}

@inproceedings{SinhaMS11,
  author    = {Vibha Singhal Sinha and
               Senthil Mani and
               Saurabh Sinha},
  title     = {Entering the circle of trust: developer initiation as committers
               in open-source projects},
  booktitle = {Proceedings of the 8th International Working Conference
               on Mining Software Repositories, MSR 2011, Waikiki, Honolulu, HI, USA, May 21-28, 2011, Proceedings},
  year      = {2011},
  pages     = {133-142},
  publisher = {IEEE},
  ee        = {http://doi.acm.org/10.1145/1985441.1985462},
  bibsource = {DBLP, http://dblp.uni-trier.de}
}

@article{Singh10,
  author    = {Param Vir Singh},
  title     = {The small-world effect: The influence of macro-level properties
               of developer collaboration networks on open-source project
               success},
  journal   = {ACM Trans. Softw. Eng. Methodol.},
  volume    = {20},
  number    = {2},
  year      = {2010},
  ee        = {http://doi.acm.org/10.1145/1824760.1824763},
  bibsource = {DBLP, http://dblp.uni-trier.de}
}


@inproceedings{BirdGDSH07,
  author    = {Christian Bird and
               Alex Gourley and
               Premkumar T. Devanbu and
               Anand Swaminathan and
               Greta Hsu},
  title     = {Open Borders? Immigration in Open Source Projects},
  booktitle = {Fourth International Workshop on Mining Software Repositories,
               MSR 2007, Minneapolis, MN, USA, May 19-20,
               2007, Proceedings},
  year      = {2007},
  pages     = {6},
  publisher = {IEEE Computer Society},
  ee        = {http://doi.ieeecomputersociety.org/10.1109/MSR.2007.23},
  bibsource = {DBLP, http://dblp.uni-trier.de}
}

@inproceedings{BirdPDFD08,
  author    = {Christian Bird and
               David S. Pattison and
               Raissa M. D'Souza and
               Vladimir Filkov and
               Premkumar T. Devanbu},
  title     = {Latent social structure in open source projects},
  booktitle = {Proceedings of the 16th ACM SIGSOFT International Symposium
               on Foundations of Software Engineering, 2008, Atlanta, Georgia,
               USA, November 9-14, 2008},
  year      = {2008},
  pages     = {24-35},
  publisher = {ACM},
  ee        = {http://doi.acm.org/10.1145/1453101.1453107},
  bibsource = {DBLP, http://dblp.uni-trier.de}
}

@inproceedings{CanforaC06,
  author    = {Gerardo Canfora and
               Luigi Cerulo},
  title     = {Supporting change request assignment in open source development},
  booktitle = {Proceedings of the 2006 ACM Symposium on Applied Computing
               (SAC), Dijon, France, April 23-27, 2006},
  year      = {2006},
  pages     = {1767-1772},
  ee        = {http://doi.acm.org/10.1145/1141277.1141693},
  publisher = {ACM},
  bibsource = {DBLP, http://dblp.uni-trier.de}
}

@inproceedings{TamrawiNAN11,
  author    = {Ahmed Tamrawi and
               Tung Thanh Nguyen and
               Jafar M. Al-Kofahi and
               Tien N. Nguyen},
  title     = {Fuzzy set and cache-based approach for bug triaging},
  booktitle = {SIGSOFT/FSE'11 19th ACM SIGSOFT Symposium on the Foundations
               of Software Engineering and 13rd European
               Software Engineering Conference, Szeged, Hungary,
               September 5-9, 2011},
  year      = {2011},
  publisher = {ACM},
  pages     = {365-375},
  ee        = {http://doi.acm.org/10.1145/2025113.2025163},
  bibsource = {DBLP, http://dblp.uni-trier.de}
}


@inproceedings{FritzMH07,
  author    = {Thomas Fritz and
               Gail C. Murphy and
               Emily Hill},
  title     = {Does a programmer's activity indicate knowledge of code?},
  booktitle = {Proceedings of the 6th joint meeting of the European Software
               Engineering Conference and the ACM SIGSOFT International
               Symposium on Foundations of Software Engineering, 2007,
               Dubrovnik, Croatia, September 3-7, 2007},
  year      = {2007},
  pages     = {341-350},
  publisher = {ACM},
  ee        = {http://doi.acm.org/10.1145/1287624.1287673},
  bibsource = {DBLP, http://dblp.uni-trier.de}
}


@article{conway,
  author    = {M. E. Conway},
  title     = {How do committees invent?},
  journal   = {Datamation},
  volume    = {14},
  number    = {4},
  year      = {1968},
  pages     = {28-31}
}

@article{CubranicMSB05,
  author    = {Davor Cubranic and
               Gail C. Murphy and
               Janice Singer and
               Kellogg S. Booth},
  title     = {Hipikat: A Project Memory for Software Development},
  journal   = {IEEE Trans. Software Eng.},
  volume    = {31},
  number    = {6},
  year      = {2005},
  pages     = {446-465},
  ee        = {http://dx.doi.org/10.1109/TSE.2005.71},
  bibsource = {DBLP, http://dblp.uni-trier.de}
}

@article{AnvikM11,
  author    = {John Anvik and
               Gail C. Murphy},
  title     = {Reducing the effort of bug report triage: Recommenders for
               development-oriented decisions},
  journal   = {ACM Trans. Softw. Eng. Methodol.},
  volume    = {20},
  number    = {3},
  year      = {2011},
  pages     = {10},
  ee        = {http://doi.acm.org/10.1145/2000791.2000794},
  bibsource = {DBLP, http://dblp.uni-trier.de}
}

@inproceedings{BirdGDGS06,
  author    = {Christian Bird and
               Alex Gourley and
               Premkumar T. Devanbu and
               Michael Gertz and
               Anand Swaminathan},
  title     = {Mining email social networks},
  booktitle = {Proceedings of the 2006 International Workshop on Mining
               Software Repositories, MSR 2006, Shanghai, China, May 22-23,
               2006},
  year      = {2006},
  pages     = {137-143},
  ee        = {http://doi.acm.org/10.1145/1137983.1138016},
  bibsource = {DBLP, http://dblp.uni-trier.de}
}


@inproceedings{msr2011,
  author    = {Gerardo Canfora and
               Luigi Cerulo and
               Marta Cimitile and
               Massimiliano {Di Penta}},
  title     = {Social interactions around cross-system bug fixings: the
               case of {FreeBSD} and {OpenBSD}},
  booktitle = {Proceedings of the 8th International Working Conference
               on Mining Software Repositories, MSR 2011 (Co-located with
               ICSE), Waikiki, Honolulu, HI, USA, May 21-28, 2011, Proceedings},
  year      = {2011},
  pages     = {143-152},
  ee        = {http://doi.acm.org/10.1145/1985441.1985463},
  bibsource = {DBLP, http://dblp.uni-trier.de}
}


@inproceedings{WangHJTZYG10,
  author    = {Chi Wang and
               Jiawei Han and
               Yuntao Jia and
               Jie Tang and
               Duo Zhang and
               Yintao Yu and
               Jingyi Guo},
  title     = {Mining advisor-advisee relationships from research publication
               networks},
  booktitle = {Proceedings of the 16th ACM SIGKDD International Conference
               on Knowledge Discovery and Data Mining, Washington, DC,
               USA, July 25-28, 2010},
  year      = {2010},
  pages     = {203-212},
  ee        = {http://doi.acm.org/10.1145/1835804.1835833},
  bibsource = {DBLP, http://dblp.uni-trier.de}
}

@Book{brooks:mythical,
  author =       "Fred. P. {Brooks, Jr.}",
  title =        "The Mythical Man Month: Essays on Software
                 Engineering",
  publisher =    "Addison-Wesley Publishing Company",
  address =     "Reading , MA , USA",
  year =         "1975"
}



@techreport{Oliveto:tr2011,
	Author = {Malcom Gethers and Rocco Oliveto and Denys Poshyvanyk and Andrea De Lucia},
	Date-Added = {2011-04-15 17:06:31 +0200},
	Date-Modified = {2011-04-15 17:07:40 +0200},
	Institution = {The College of Williams and Mary},
	Title = {On Integrating Orthogonal Information Retrieval Methods to Improve Traceability Recovery},
	Year = {2011}}

@book{Sirkin:2005,
	Address = {California, USA},
	Author = {R. M. Sirkin},
	Date-Added = {2011-04-15 17:06:28 +0200},
	Date-Modified = {2011-04-15 17:06:28 +0200},
	Publisher = {Sage Publications},
	Title = {Statistics for the social sciences},
	Year = {2005}}

@article{weiser:tse1984,
	Author = {Mark Weiser},
	Bibsource = {DBLP, http://dblp.uni-trier.de},
	Journal = {IEEE Trans. Software Eng.},
	Number = {4},
	Pages = {352-357},
	Title = {Program Slicing},
	Volume = {10},
	Year = {1984}}

@article{Poshyvanyk:emse2009,
	Author = {Denys Poshyvanyk and Andrian Marcus and Rudolf Ferenc and Tibor Gyim{\'o}thy},
	Date-Added = {2011-03-28 18:57:51 +0200},
	Date-Modified = {2011-03-28 18:57:51 +0200},
	Journal = {Empirical Software Engineering},
	Number = {1},
	Pages = {5-32},
	Title = {Using information retrieval based coupling measures for impact analysis},
	Volume = {14},
	Year = {2009}}

@article{korel:jss1990,
	Author = {Bogdan Korel and Janusz W. Laski},
	Bibsource = {DBLP, http://dblp.uni-trier.de},
	Ee = {http://dx.doi.org/10.1016/0164-1212(90)90094-3},
	Journal = {Journal of Systems and Software},
	Number = {3},
	Pages = {187-195},
	Title = {Dynamic slicing of computer programs},
	Volume = {13},
	Year = {1990}}

@inproceedings{delucia:scam2001,
	Author = {De Lucia, Andrea},
	Booktitle = {Proc. IEEE workshop on Source Code Analysis and Manipulation (SCAM 2001)},
	Location = {Florence, Italy},
	Month = {November},
	Title = {Program Slicing: Methods and Applications},
	Year = {2001}}

@inproceedings{weiser:icse1981,
	Acmid = {802557},
	Address = {Piscataway, NJ, USA},
	Author = {Weiser, Mark},
	Booktitle = {Proceedings of the 5th international conference on Software engineering},
	Isbn = {0-89791-146-6},
	Keywords = {Data flow analysis, Debugging, Human factors, Program maintenance, Program metrics, Software tools},
	Location = {San Diego, California, United States},
	Numpages = {11},
	Pages = {439--449},
	Publisher = {IEEE Press},
	Series = {ICSE '81},
	Title = {Program slicing},
	Url = {http://portal.acm.org/citation.cfm?id=800078.802557},
	Year = {1981},
	Bdsk-Url-1 = {http://portal.acm.org/citation.cfm?id=800078.802557}}

@inproceedings{Gupta:ieee1992,
	Author = {Rajiv Gupta and Mary Jean and Mary Jean Harrold and Mary Lou Soffa},
	Booktitle = {In Proceedings of the Conference on Software Maintenance},
	Pages = {299--308},
	Publisher = {IEEE Computer Society Press},
	Title = {An Approach to Regression Testing using Slicing},
	Year = {1992}}

@inproceedings{lee:icsq1995,
	Author = {Yas Lee and Ble Liang and Ford Wang},
	Booktitle = {In Proceedings of International Conference on Software Quality},
	Pages = {81--90},
	Title = {Measuring the coupling and cohesion of an object-oriented program based on information flow},
	Year = {1995}}

@inproceedings{CanforaLPOPP13,
  author    = {Gerardo Canfora and
               Andrea De Lucia and
               Massimiliano Di Penta and
               Rocco Oliveto and
               Annibale Panichella and
               Sebastiano Panichella},
  title     = {Multi-objective Cross-Project Defect Prediction},
  booktitle = {2013 {IEEE} Sixth International Conference on Software Testing, Verification  and Validation},
  pages     = {252--261},
  year      = {2013}
}

@inproceedings{Zimmermann:2009,
 author = {Zimmermann, Thomas and Nagappan, Nachiappan and Gall, Harald and Giger, Emanuel and Murphy, Brendan},
 title = {Cross-project Defect Prediction: A Large Scale Experiment on Data vs. Domain vs. Process},
 booktitle = {Proceedings of the the 7th Joint Meeting of the European Software Engineering Conference and the ACM SIGSOFT Symposium on The Foundations of Software Engineering},
 year = {2009},
 pages = {91--100}} 

@inproceedings{Binkley:elsevier1999,
	Author = {David Binkley},
	Booktitle = {Information and Software Technology Special Issue on Program Slicing},
	Pages = {583--594},
	Publisher = {Elsevier},
	Title = {The Application of Program Slicing to Regression Testing},
	Year = {1999}}

@inproceedings{hammacher:iwmse2009,
	Author = {Clemens Hammacher and Kevin Streit and Sebastian Hack and Andreas Zeller},
	Booktitle = {Proc. 2nd International Workshop on Multi-Core Software Engineering (IWMSE)},
	Location = {Vancouver, BC, Canada},
	Month = {May},
	Title = {Profiling Java Programs for Parallelism},
	Year = {2009}}

@article{Korel:inf1988,
	Acmid = {56386},
	Address = {Amsterdam, The Netherlands, The Netherlands},
	Author = {B. Korel and J. Laski},
	Doi = {10.1016/0020-0190(88)90054-3},
	Issn = {0020-0190},
	Issue = {3},
	Journal = {Inf. Process. Lett.},
	Month = {October},
	Numpages = {9},
	Pages = {155--163},
	Publisher = {Elsevier North-Holland, Inc.},
	Title = {Dynamic program slicing},
	Url = {http://portal.acm.org/citation.cfm?id=56378.56386},
	Volume = {29},
	Year = {1988},
	Bdsk-Url-1 = {http://portal.acm.org/citation.cfm?id=56378.56386},
	Bdsk-Url-2 = {http://dx.doi.org/10.1016/0020-0190(88)90054-3}}

@inproceedings{Qusef:icsm2010,
	Author = {Abdallah Qusef and Rocco Oliveto and Andrea DeLucia},
	Booktitle = {Proceedings of the 26th IEEE International Conference on Software Maintenance},
	Title = {Recovering traceability links between unit tests and classes under test: An improved method},
	Year = {2010}}

@book{Khedker:2009,
	Author = {Khedker, Uday and Sanyal, Amitabha and Karkare, Bageshri},
	Date-Added = {2010-04-16 10:38:52 +0200},
	Date-Modified = {2010-04-16 10:42:09 +0200},
	Publisher = {CRC Press (Taylor and Francis Group)},
	Title = {Data Flow Analysis: Theory and Practice},
	Year = {2009}}

@inproceedings{Oliveto:icpc2010,
	Address = {Braga, Portugal},
	Author = {Rocco Oliveto and Malcom Gethers and Denys Poshyvanyk and De Lucia, Andrea},
	Booktitle = {Proceedings of the 18th International Conference on Program Comprehension},
	Date-Added = {2010-04-15 23:35:56 +0200},
	Date-Modified = {2010-04-15 23:38:22 +0200},
	Publisher = {IEEE Press},
	Title = {On the Equivalence of Information Retrieval Methods for Automated Traceability Link Recovery},
	Year = {2010}}

@article{Ryder:tse1979,
	Author = {Ryder, B.G.},
	Date-Added = {2010-04-15 18:33:36 +0200},
	Date-Modified = {2010-04-15 18:35:01 +0200},
	Journal = {IEEE Transactions on Software Engineering},
	Number = {3},
	Pages = {216- 226},
	Title = {Constructing the Call Graph of a Program},
	Volume = {5},
	Year = {1979}}

@book{Matthew:1977,
	Author = {Matthew S. Hecht},
	Date-Added = {2010-04-15 18:29:00 +0200},
	Date-Modified = {2010-04-15 18:29:34 +0200},
	Publisher = {Elsevier North-Holland Inc.},
	Title = {Flow Analysis of Computer Programs},
	Year = {1977}}

@book{Meszaros:2007,
	Author = {G. Meszaros},
	Date-Added = {2010-04-15 18:23:36 +0200},
	Date-Modified = {2010-04-15 18:24:01 +0200},
	Publisher = {Addison-Wesley},
	Title = {XUnit Test Patterns: Refactoring Test Code},
	Year = {2007}}

@book{Fewster:1999,
	Author = {Mark Fewster and Dorothy Graham},
	Date-Added = {2010-04-15 18:22:24 +0200},
	Date-Modified = {2010-04-15 18:23:04 +0200},
	Publisher = {ACM Press},
	Title = {Software Test Automation: effective use of test execution tools.},
	Year = {1999}}

@book{Feathers:2005,
	Author = {M. Feathers},
	Date-Added = {2010-04-15 18:20:55 +0200},
	Date-Modified = {2010-04-15 18:21:23 +0200},
	Pages = {. . , 2005.},
	Publisher = {Prentice Hall},
	Title = {Working Effectively with Legacy Code},
	Year = {2005}}

@article{Beck:java1998,
	Author = {K. Beck and E. Gamma},
	Date-Added = {2010-04-15 18:12:19 +0200},
	Date-Modified = {2010-04-15 18:13:00 +0200},
	Journal = {Java Report},
	Number = {7},
	Pages = {51--56},
	Title = {Test infected: Programmers love writing tests},
	Volume = {3},
	Year = {1998}}

@book{Beck:2000,
	Author = {K. Beck},
	Date-Added = {2010-04-15 18:09:20 +0200},
	Date-Modified = {2010-04-15 18:09:54 +0200},
	Publisher = {Addison Wesley},
	Title = {Extreme Programming Explained},
	Year = {2000}}

@article{Beck:computer1999,
	Author = {K. Beck},
	Date-Added = {2010-04-15 18:08:00 +0200},
	Date-Modified = {2010-04-15 18:08:57 +0200},
	Journal = {IEEE Computer},
	Number = {10},
	Pages = {70--77},
	Title = {Embracing change with extreme programming},
	Volume = {32},
	Year = {1999}}

@book{Hamill:2004,
	Author = {P. Hamill},
	Date-Added = {2010-04-15 18:04:27 +0200},
	Date-Modified = {2010-04-15 18:05:02 +0200},
	Publisher = {O'Reilly},
	Title = {Unit Test Frameworks},
	Year = {2004}}

@article{Lormans:emse2008,
	Author = {Lormans, Marco and Deursen, Arie and Gross, Hans-Gerhard},
	Date-Modified = {2009-08-29 14:17:13 -0400},
	Journal = {Empirical Software Engineering},
	Number = {6},
	Pages = {727--760},
	Title = {An industrial case study in reconstructing requirements views},
	Volume = {13},
	Year = {2008},
	Bdsk-Url-1 = {http://dx.doi.org/10.1007/s10664-008-9078-4}}

@inproceedings{DeLucia:fosm2008,
	Address = {Beijing, China},
	Author = {De Lucia, A. and F. Fasano and R. Oliveto},
	Booktitle = {Proceedings of Frontiers of Software Maintenance},
	Date-Added = {2009-07-21 17:39:37 +0200},
	Date-Modified = {2009-07-21 17:40:56 +0200},
	Pages = {21-30},
	Publisher = {IEEE Press},
	Title = {Traceability Management for Impact Analysis},
	Year = {2008}}

@article{ying:2004:tse,
	Addres = {Piscataway, NJ, USA},
	Author = {Annie T.T. Ying and Gail C. Murphy and Raymond Ng and Mark C. Chu-Carroll},
	Journal = {IEEE Transactions on Software Engineering},
	Number = {9},
	Pages = {574--586},
	Publisher = {IEEE CS Press},
	Title = {Predicting Source Code Changes by Mining Change History},
	Volume = {30},
	Year = {2004}}

@article{zimmermann:2005:tse,
	Addres = {Piscataway, NJ, USA},
	Author = {T. Zimmermann and P. Weissgerber and S. Diehl and A. Zeller},
	Journal = {IEEE Transactions on Software Engineering},
	Number = {6},
	Pages = {429--445},
	Publisher = {IEEE Press},
	Title = {Mining Version Histories to Guide Software Changes},
	Volume = {31},
	Year = {2005}}

@inproceedings{egyed:2002:ase,
	Addres = {Edinburgh, UK},
	Author = {A. Egyed and P. Grunbacher},
	Booktitle = {Proceedings of the 17th International Conference on Automated Software Engineering},
	Pages = {163--171},
	Publisher = {IEEE CS Press},
	Title = {Automating Requirements Traceability: Beyond the Record and Replay Paradigm},
	Year = {2002}}

@inproceedings{weidl:1998:aica,
	Addres = {Vienna, Austria},
	Author = {J. Weidl and H. Gall},
	Booktitle = {Proceedings of the 22nd Annual IEEE International Computer Software and Applications Conference},
	Pages = {26--31},
	Publisher = {IEEE CS Press},
	Title = {Binding Object Models to Source Code},
	Year = {1998}}

@inproceedings{gall:2003:iwpse,
	Addres = {Helsinki, Finland},
	Author = {H. Gall and M. Jazayeri and J. Krajewski},
	Booktitle = {Proceedings of the 6th International Workshop on Principle of Software Evolution},
	Date-Added = {2008-01-05 15:13:29 +0100},
	Date-Modified = {2008-01-07 11:21:49 +0100},
	Pages = {13--23},
	Publisher = {IEEE CS Press},
	Title = {{CVS} release history data for detecting logical couplings},
	Year = {2003}}

@inproceedings{gall:1998:icsm,
	Addres = {Bethesda, MD, USA},
	Author = {H. Gall and K. Hajek AND M. Jazayeri},
	Booktitle = {Proceedings of the 14th International Conference on Software Maintenance},
	Pages = {190--198},
	Publisher = {IEEE CS Press},
	Title = {Detection of Logical Coupling Based on Product Release History},
	Year = {1998}}

@inproceedings{sefika:1996:icse,
	Addres = {Berlin, Germany},
	Author = {M. Sefika and A. Sane and R.H. Campbell},
	Booktitle = {Proceedings of the 16th International Conference on Software Engineering},
	Pages = {387--396},
	Publisher = {IEEE CS Press},
	Title = {Monitoring Compliance of a Software System with Its High-Level Design Models},
	Year = {1996}}

@inproceedings{briand:2003:icsm,
	Addres = {Amsterdam, the Netherlands},
	Author = {L. C. Briand and Y. Labiche and L. O'Sullivan},
	Booktitle = {Proceedings of the 19th International Conference on Software Maintenance},
	Date-Added = {2008-01-05 15:01:13 +0100},
	Date-Modified = {2008-01-05 15:02:23 +0100},
	Pages = {256--265},
	Publisher = {IEEE CS Press},
	Title = {Impact Analysis and Change Management of {UML} Models},
	Year = {2003}}

@article{antonio:2000:AnnSE,
	Addres = {Red Bank, NJ, USA},
	Author = {Giulio Antoniol and Bruno Caprile and Alessandra Potrich and Paolo Tonella},
	Issn = {1022-7091},
	Journal = {Annals of Software Engineering},
	Number = {1-4},
	Pages = {35--58},
	Publisher = {J. C. Baltzer AG, Science Publishers},
	Title = {Design-code traceability for object-oriented systems},
	Volume = {9},
	Year = {2000}}

@article{Harrold:notes1994,
	Address = {New York, NY, USA},
	Author = {Harrold, Mary Jean and Rothermel, Gregg},
	Doi = {http://doi.acm.org/10.1145/195274.195402},
	Issn = {0163-5948},
	Journal = {SIGSOFT Software Engineering Notes},
	Number = {5},
	Pages = {154--163},
	Publisher = {ACM},
	Title = {Performing data flow testing on classes},
	Volume = {19},
	Year = {1994},
	Bdsk-Url-1 = {http://doi.acm.org/10.1145/195274.195402}}

@book{Demeyer:2002,
	Author = {Serge Demeyer and St{\'e}phane Ducasse and Oscar Nierstrasz},
	Bibsource = {DBLP, http://dblp.uni-trier.de},
	Isbn = {3-89864-197-X},
	Publisher = {dpunkt Morgan Kaufmann},
	Title = {Object-Oriented Reengineering Patterns},
	Year = {2002}}

@article{Laski:tse1983,
	Address = {Piscataway, NJ, USA},
	Author = {Laski, J. W. and Korel, B.},
	Doi = {http://dx.doi.org/10.1109/TSE.1983.236871},
	Issn = {0098-5589},
	Journal = {IEEE Transactions on Software Engineering},
	Number = {3},
	Pages = {347--354},
	Publisher = {IEEE Press},
	Title = {A Data Flow Oriented Program Testing Strategy},
	Volume = {9},
	Year = {1983},
	Bdsk-Url-1 = {http://dx.doi.org/10.1109/TSE.1983.236871}}

@article{Rapps:tse1985,
	Address = {Piscataway, NJ, USA},
	Author = {Rapps, Sandra and Weyuker, Elaine J.},
	Doi = {http://dx.doi.org/10.1109/TSE.1985.232226},
	Issn = {0098-5589},
	Journal = {IEEE Transactions on Software Engineering},
	Number = {4},
	Pages = {367--375},
	Publisher = {IEEE Press},
	Title = {Selecting Software Test Data Using Data Flow Information},
	Volume = {11},
	Year = {1985},
	Bdsk-Url-1 = {http://dx.doi.org/10.1109/TSE.1985.232226}}

@book{Beck:2002,
	Address = {Boston, MA, USA},
	Author = {Beck, K.},
	Isbn = {0321146530},
	Publisher = {Addison-Wesley Longman Publishing Co., Inc.},
	Title = {Test Driven Development: By Example},
	Year = {2002}}

@book{Binder:1999,
	Address = {Boston, MA, USA},
	Author = {Binder, Robert V.},
	Isbn = {0-201-80938-9},
	Publisher = {Addison-Wesley Longman Publishing Co., Inc.},
	Title = {Testing object-oriented systems: models, patterns, and tools},
	Year = {1999}}

@inproceedings{Bruntink:SCAM2004,
	Address = {Montreal, Canada},
	Author = {Bruntink, Magiel and Deursen, Arie van},
	Booktitle = {Proceedings of the 4th IEEE International Workshop Source Code Analysis and Manipulation},
	Pages = {136--145},
	Publisher = {IEEE Computer Society},
	Title = {Predicting Class Testability using Object-Oriented Metrics},
	Year = {2004},
	Bdsk-Url-1 = {http://dx.doi.org/10.1109/SCAM.2004.15}}

@inproceedings{Bouillon:XP2007,
	Address = {Como, Italy},
	Author = {Philipp Bouillon and Jens Krinke and Nils Meyer and Friedrich Steimann},
	Booktitle = {Proceedings of the 8th International Conference on Agile Processes in Software Engineering and eXtreme Programming},
	Pages = {101-104},
	Title = {EzUnit: A Framework for Associating Failed Unit Tests with Potential Programming Errors},
	Year = {2007}}

@inproceedings{Galli:ESUG2005,
	Address = {Brussels, Belgium},
	Author = {Markus G{\"a}lli and Michele Lanza and Oscar Nierstrasz},
	Booktitle = {Proceedings of the 13th International European Smalltalk Conference},
	Title = {Towards a Taxonomy of Unit Tests},
	Year = {2005}}

@inproceedings{Geet:PCODA2006,
	Author = {Joris Van Geet and Andy Zaidman},
	Booktitle = {Proceedings of the 2nd International Workshop on Program Comprehension through Dynamic Analysis},
	Pages = {21--26},
	Title = {A lightweight approach to determining the adequacy of tests as documentation},
	Year = {2006}}

@article{Kanstren:swe2008,
	Address = {New York, NY, USA},
	Author = {Kanstr\'{e}n, Teemu},
	Doi = {http://dx.doi.org/10.1002/smr.v20:1},
	Issn = {1532-060X},
	Journal = {Journal of Software Maintenance and Evolution},
	Number = {1},
	Pages = {59--76},
	Publisher = {John Wiley \& Sons, Inc.},
	Title = {Towards a deeper understanding of test coverage},
	Volume = {20},
	Year = {2008},
	Bdsk-Url-1 = {http://dx.doi.org/10.1002/smr.v20:1}}

@inproceedings{Sneed:CSMR2004,
	Address = {Washington, DC, USA},
	Author = {Sneed, Harry M.},
	Booktitle = {Proceedings of the 8th Working Conference on Software Maintenance and Reengineering},
	Isbn = {0-7695-2107-X},
	Pages = {69},
	Publisher = {IEEE Computer Society},
	Title = {Reverse Engineering of Test Cases for Selective Regression Testing},
	Year = {2004}}

@inproceedings{Wilde:ICSM1992,
	Address = {Washington, DC, USA},
	Author = {Wilde N., Gomez J., Gust T. and Stasburg D.},
	Booktitle = {ICSM '92: Proceedings of the Eighth Euromicro Working Conference on Software Maintenance and Reengineering (ICSM'92)},
	Isbn = {0-8186-2980-0},
	Pages = {200-205},
	Publisher = {IEEE Computer Society},
	Title = {Locating user functionality in old code},
	Year = {1992}}

@inproceedings{Settimi:IWPSE2004,
	Address = {Washington, DC, USA},
	Author = {Settimi, Raffaella and Cleland-Huang, Jane and Khadra, Oussama Ben and Mody, Jigar and Lukasik, Wiktor and DePalma, Chris},
	Booktitle = {IWPSE '04: Proceedings of the Principles of Software Evolution, 7th International Workshop},
	Doi = {http://dx.doi.org/10.1109/IWPSE.2004.21},
	Isbn = {0-7695-2211-4},
	Pages = {49--54},
	Publisher = {IEEE Computer Society},
	Title = {Supporting Software Evolution through Dynamically Retrieving Traces to UML Artifacts},
	Year = {2004},
	Bdsk-Url-1 = {http://dx.doi.org/10.1109/IWPSE.2004.21}}

@inproceedings{DeLucia:ICSM2006,
	Address = {Washington, DC, USA},
	Author = {De Lucia, Andrea and Oliveto, Rocco and Sgueglia, Paola},
	Booktitle = {ICSM '06: Proceedings of the 22nd IEEE International Conference on Software Maintenance},
	Doi = {http://dx.doi.org/10.1109/ICSM.2006.32},
	Isbn = {0-7695-2354-4},
	Pages = {299--309},
	Publisher = {IEEE Computer Society},
	Title = {Incremental Approach and User Feedbacks: a Silver Bullet for Traceability Recovery},
	Year = {2006},
	Bdsk-Url-1 = {http://dx.doi.org/10.1109/ICSM.2006.32}}

@article{DeLucia:tosem2007,
	Address = {New York, NY, USA},
	Author = {Lucia, Andrea De and Fasano, Fausto and Oliveto, Rocco and Tortora, Genoveffa},
	Doi = {http://doi.acm.org/10.1145/1276933.1276934},
	Issn = {1049-331X},
	Journal = {ACM Transactions on Software Engineering and Methodology},
	Number = {4},
	Pages = {13},
	Publisher = {ACM},
	Title = {Recovering traceability links in software artifact management systems using information retrieval methods},
	Volume = {16},
	Year = {2007},
	Bdsk-Url-1 = {http://doi.acm.org/10.1145/1276933.1276934}}

@inproceedings{Lormans:CSMR2006,
	Address = {Washington, DC, USA},
	Author = {Lormans, Marco and Van Deursen, Arie},
	Booktitle = {CSMR '06: Proceedings of the Conference on Software Maintenance and Reengineering},
	Isbn = {0-7695-2536-9},
	Pages = {47--56},
	Publisher = {IEEE Computer Society},
	Title = {Can LSI help Reconstructing Requirements Traceability in Design and Test?},
	Year = {2006}}

@inproceedings{Lormans:WCRE2006,
	Address = {Washington, DC, USA},
	Author = {Lormans, Marco and Gross, Hans-Gerhard and van Deursen, Arie and van Solingen, Rini and Stehouwer, Andr\'{e}},
	Booktitle = {WCRE '06: Proceedings of the 13th Working Conference on Reverse Engineering},
	Doi = {http://dx.doi.org/10.1109/WCRE.2006.38},
	Isbn = {0-7695-2719-1},
	Pages = {275--284},
	Publisher = {IEEE Computer Society},
	Title = {Monitoring Requirements Coverage using Reconstructed Views: An Industrial Case Study},
	Year = {2006},
	Bdsk-Url-1 = {http://dx.doi.org/10.1109/WCRE.2006.38}}

@inproceedings{vanDeursen:XP2002,
	Address = {Alghero, Sardinia, Italy},
	Author = {Arie van Deursen and Leon Moonen},
	Booktitle = {Proc. Int'l Conf. eXtreme Programming and Flexible Processes in Software Engineering ({XP})},
	Date-Modified = {2010-04-16 10:38:38 +0200},
	Pages = {71--76},
	Title = {The Video Store Revisited -- Thoughts on Refactoring and Testing},
	Year = 2002}

@article{VanRompaey:CSMR2009,
	Address = {Los Alamitos, CA, USA},
	Author = {Bart Van Rompaey and Serge Demeyer},
	Doi = {http://doi.ieeecomputersociety.org/10.1109/CSMR.2009.39},
	Issn = {1534-5351},
	Journal = {Software Maintenance and Reengineering, European Conference on},
	Pages = {209-218},
	Publisher = {IEEE Computer Society},
	Title = {Establishing Traceability Links between Unit Test Cases and Units under Test},
	Volume = {0},
	Year = {2009},
	Bdsk-Url-1 = {http://doi.ieeecomputersociety.org/10.1109/CSMR.2009.39}}

@book{Yin:2003,
	Author = {R. K. Yin},
	Date-Added = {2009-01-13 09:36:53 +0100},
	Date-Modified = {2009-01-13 09:36:53 +0100},
	Edition = {3rd},
	Publisher = {SAGE Publications},
	Title = {Case Study Research: Design and Methods},
	Year = {2003}}

@techreport{VanDeursen:XP2001,
	Address = {Amsterdam},
	Author = {Van Deursen, Arie and Moonen, Leon and Bergh, A. and Kok, Gerard},
	Publisher = {CWI (Centre for Mathematics and Computer Science)},
	Title = {Refactoring test code},
	Year = {2001}}

@inproceedings{Hayes:TEFSE2009,
	Address = {Washington, DC, USA},
	Author = {Hayes, Jane Huffman and Dekhtyar, Alex and Janzen, David S.},
	Booktitle = {Proceedings of the 2009 ICSE Workshop on Traceability in Emerging Forms of Software Engineering},
	Doi = {http://dx.doi.org/10.1109/TEFSE.2009.5069579},
	Isbn = {978-1-4244-3741-2},
	Pages = {26--30},
	Publisher = {IEEE Computer Society},
	Title = {Towards traceable test-driven development},
	Year = {2009},
	Bdsk-Url-1 = {http://dx.doi.org/10.1109/TEFSE.2009.5069579}}

@book{Fowler:1999,
	Address = {Boston, MA, USA},
	Author = {Martin Fowler},
	Biburl = {http://www.bibsonomy.org/bibtex/27151885e8b8528651e048242f3527132/kimmens},
	Description = {AOEvolutionchapter short paper},
	Interhash = {955b704413985c65e6a0ba497d70b00e},
	Intrahash = {7151885e8b8528651e048242f3527132},
	Isbn = {0-201-48567-2},
	Keywords = {evolution refactoring software},
	Publisher = {Addison-Wesley},
	Title = {Refactoring: Improving the Design of Existing Code},
	Year = 1999}

@book{BeckFowler:2000,
	Address = {Boston, MA, USA},
	Author = {Beck, Kent and Fowler, Martin},
	Date-Modified = {2010-04-15 18:10:20 +0200},
	Isbn = {0201710919},
	Publisher = {Addison-Wesley Longman Publishing Co., Inc.},
	Title = {Planning Extreme Programming},
	Year = {2000}}

@book{Basili:1994,
	Author = {V. Basili and G. Caldiera and D. H. Rombach},
	Date-Added = {2010-02-19 22:11:30 +0100},
	Date-Modified = {2010-02-19 22:12:40 +0100},
	Journal = {Encyclopedia of Software Engineering},
	Publisher = {John Wiley and Sons},
	Title = {The Goal Question Metric Paradigm},
	Year = {1994}}

@inproceedings{Capobianco:wcre2009,
	Address = {Lille, France},
	Author = {Capobianco, Giovanni and De Lucia, Andrea and Oliveto, Rocco and Panichella, Annibale and Panichella, Sebastiano},
	Booktitle = {Proceedings of the 16th Working Conference on Reverse Engineering},
	Pages = {195--204},
	Publisher = {IEEE CS Press},
	Title = {Traceability Recovery Using Numerical Analysis},
	Year = {2009}}

@inproceedings{Egyed:ase2005,
	Address = {Long Beach, CA, USA},
	Author = {Egyed, Alexander and Biffl, Stefan and Heindl, Matthias and Gr\"{u}nbacher, Paul},
	Booktitle = {Proceedings of the 20th IEEE/ACM International Conference on Automated Software Engineering},
	Date-Modified = {2010-02-19 22:32:03 +0100},
	Isbn = {1-59593-993-4},
	Pages = {360--363},
	Publisher = {ACM Press},
	Title = {Determining the cost-quality trade-off for automated software traceability},
	Year = {2005}}

@article{Lindvall:jss1998,
	Author = {Mikael Lindvall and Sandahl Kristian},
	Journal = {Journal of Systems and Software},
	Number = {1},
	Pages = {19--27},
	Publisher = {Elsevier Science Inc.},
	Title = {How well do experienced software developers predict software change?},
	Volume = {43},
	Year = {1998}}

@article{Ramesh:tse2001,
	Author = {Balasubramaniam Ramesh and Matthias Jarke},
	Journal = {IEEE Transactions on Software Engineering},
	Pages = {58-93},
	Publisher = {IEEE CS Press},
	Title = {Toward Reference Models for Requirements Traceability},
	Volume = {27},
	Year = {2001}}

@inproceedings{DeLucia:icsm2009,
	Address = {Edmonton, Canada},
	Author = {De Lucia, A. and R. Oliveto and G. Tortora},
	Booktitle = {Proceedings of 25th International Conference on Software Engineering},
	Date-Added = {2009-07-21 17:43:13 +0200},
	Date-Modified = {2010-02-19 22:38:34 +0100},
	Publisher = {IEEE Press},
	Title = {The Role of the Coverage Analysis in Traceability Recovery Process: a Controlled Experiment},
	Year = {2009}}

@book{Hildebrand:1974,
	Author = {F. B. Hildebrand},
	Date-Added = {2009-08-02 23:20:24 -0400},
	Date-Modified = {2009-08-02 23:21:12 -0400},
	Edition = {2nd edition},
	Publisher = {McGraw-Hill},
	Title = {Introduction to Numerical Analysis},
	Year = {1974}}

@article{Cox:jam1972,
	Author = {M. G. Cox},
	Date-Added = {2009-03-14 20:47:44 +0100},
	Date-Modified = {2009-03-14 20:48:39 +0100},
	Journal = {Journal of the Institute of Mathematics and its Applications},
	Pages = {134-149},
	Title = {The numerical evaluation of B-Splines},
	Volume = {10},
	Year = {1972}}

@article{deBoor:jat1972,
	Author = {de Boor, C.},
	Date-Added = {2009-03-14 20:45:52 +0100},
	Date-Modified = {2009-03-14 20:47:06 +0100},
	Journal = {Journal of Approximation Theory},
	Pages = {50-62},
	Title = {On Calculating with B-Splines},
	Volume = {6},
	Year = {1972}}

@book{Leader:2004,
	Author = {J. J. Leader},
	Date-Added = {2009-03-14 18:18:09 +0100},
	Date-Modified = {2009-03-14 18:19:23 +0100},
	Publisher = {Addison Wesley},
	Title = {Numerical Analysis and Scientific Computation},
	Year = {2004}}

@book{Cover:1991,
	Author = {T. M. Cover and J. A. Thomas},
	Date-Added = {2009-01-16 12:57:11 +0100},
	Date-Modified = {2009-01-16 12:57:50 +0100},
	Publisher = {Wiley-Interscience},
	Title = {Elements of Information Theory},
	Year = {1991}}

@article{Charniak:aim1997,
	Author = {E. Charniak},
	Date-Added = {2009-01-14 20:01:11 +0100},
	Date-Modified = {2009-01-14 20:02:33 +0100},
	Journal = {AI Magazine},
	Number = {4},
	Pages = {33-44},
	Title = {Statistical Techniques for Natural Language Parsing},
	Volume = {18},
	Year = {1997}}

@inproceedings{Abadi:icpc2008,
	Author = {A. Abadi and M. Nisenson and Y. Simionovici},
	Booktitle = {Proceedings of the 16th IEEE International Conference on Program Comprehension},
	Date-Added = {2009-01-13 23:29:50 +0100},
	Date-Modified = {2010-02-19 22:32:45 +0100},
	Pages = {103-112},
	Publisher = {IEEE CS Press},
	Title = {A Traceability Technique for Specifications},
	Year = {2008}}

@book{Jurafsky:2000,
	Author = {D. Jurafsky and J. Martin},
	Date-Added = {2009-01-13 13:20:27 +0100},
	Date-Modified = {2009-01-13 13:21:05 +0100},
	Publisher = {Prentice Hall},
	Title = {Speech and Language Processing},
	Year = {2000}}

@book{Keenan:1975,
	Author = {E. L. Keenan},
	Date-Added = {2009-01-13 13:19:13 +0100},
	Date-Modified = {2009-01-13 13:20:05 +0100},
	Publisher = {Cambridge University Press},
	Title = {Formal Semantics of Natural Language},
	Year = {1975}}

@article{DeLucia:emse2008,
	Author = {De Lucia, A and R. Oliveto and G. Tortora},
	Date-Added = {2009-01-13 12:26:37 +0100},
	Date-Modified = {2009-01-13 12:27:50 +0100},
	Journal = {Empirical Software Engineering},
	Number = {1},
	Pages = {57-93},
	Title = {Assessing {IR-based} Traceability Recovery Tools through Controlled Experiments},
	Volume = {14},
	Year = {2009}}

@inproceedings{DeLucia:ase2008,
	Address = {L'Aquila, Italy},
	Author = {De Lucia, A. and R. Oliveto and G. Tortora},
	Booktitle = {Proceedings of 23rd International Conference on Automated Software Engineering},
	Date-Added = {2009-01-13 12:21:47 +0100},
	Date-Modified = {2010-02-19 22:38:17 +0100},
	Pages = {39-48},
	Publisher = {ACM Press},
	Title = {{IR-based} Traceability Recovery Processes: an Empirical Comparison of ``One-Shot'' and Incremental Processes},
	Year = {2008}}

@inproceedings{Duan:ase2007,
	Address = {Atlanta, Georgia, USA},
	Author = {Chuan Duan and Jane Cleland-Huang},
	Booktitle = {Proc. of 22nd ASE},
	Pages = {244--253},
	Publisher = {ACM Press},
	Title = {Clustering support for automated tracing},
	Year = {2007}}

@inproceedings{Lormans:wcre2006,
	Address = {Benevento, Italy},
	Author = {M. Lormans and H. Gross and van Deursen, A. and van Solingen, R. and A. Stehouwer},
	Booktitle = {Proc. of 13th WCRE},
	Pages = {275-284},
	Publisher = {IEEE CS press},
	Title = {Monitoring Requirements Coverage using Reconstructed Views: An Industrial Case Study},
	Year = {2006}}

@phdthesis{Oliveto:thesis2008,
	Author = {R. Oliveto},
	Date-Added = {2008-06-17 16:20:18 +0200},
	Date-Modified = {2008-06-17 16:30:46 +0200},
	Month = {March},
	School = {University of Salerno},
	Title = {Traceability Management meets Information Retrieval Methods: Strengths and Limitations},
	Year = {2008}}

@inproceedings{Duan:2007ase,
	Address = {Atlanta, Georgia, USA},
	Author = {C. Duan and J. Cleland-Huang},
	Booktitle = {Proc. of 22nd ASE},
	Pages = {244--253},
	Publisher = {ACM Press},
	Title = {Clustering support for automated tracing},
	Year = {2007}}

@article{Sebastiani:survey2002,
	Author = {F. Sebastiani},
	Journal = {ACM Computer Survey},
	Number = {1},
	Pages = {1--47},
	Title = {Machine learning in automated text categorization},
	Volume = {34},
	Year = {2002}}

@article{Zhang:talip2004,
	Author = {L. Zhang and J. Zhu and T. Yao},
	Journal = {ACM Transactions on Asian Language Information Processing},
	Number = {4},
	Pages = {243--269},
	Title = {An evaluation of statistical spam filtering techniques},
	Volume = {3},
	Year = {2004}}

@article{Cleland-Huang:computer2007,
	Author = {J. Cleland-Huang and B. Berenbach and S. Clark and R. Settimi and E. Romanova},
	Journal = {IEEE Computer},
	Number = {6},
	Pages = {27--35},
	Title = {Best Practices for Automated Traceability},
	Volume = {40},
	Year = {2007}}

@inproceedings{DeLucia:disd2005,
	Address = {Paris, France},
	Author = {De Lucia, A. and F. Fasano and F. Francese and R. Oliveto},
	Booktitle = {Proc. of 1st International Workshop on Distributed Software Development},
	Date-Added = {2008-02-07 22:18:57 +0100},
	Date-Modified = {2008-02-07 22:20:31 +0100},
	Pages = {135-149},
	Publisher = {Austrian CS Press},
	Title = {Traceability Management in {ADAMS}},
	Year = {2005}}

@article{Hollink:ir2004,
	Author = {V. Hollink and J. Kamps and C. Monz and de Rijke, M.},
	Date-Added = {2008-02-07 20:20:34 +0100},
	Date-Modified = {2008-02-07 20:22:53 +0100},
	Journal = {Information Retrieval},
	Number = {1-2},
	Pages = {33-52},
	Title = {Monolingual Document Retrieval for European Languages},
	Volume = {7},
	Year = {2004}}

@inproceedings{Ney:icassp1991,
	Address = {Toronto, Ontario, Canada},
	Author = {H. Ney and U. Essen},
	Booktitle = {Proc. of IEEE International Conference on Acoustics, Speech, and Signal Processing},
	Date-Added = {2008-02-07 20:10:33 +0100},
	Date-Modified = {2008-02-07 20:16:56 +0100},
	Pages = {825--828},
	Publisher = {IEEE CS Press},
	Title = {On Smoothing Techniques for Bigrambases Natural Language Modelling},
	Year = {1991}}

@article{Witten:tse1991,
	Author = {I. H. Witten and T. C. Bell},
	Date-Added = {2008-02-07 20:07:07 +0100},
	Date-Modified = {2008-02-07 20:12:27 +0100},
	Journal = {IEEE Transactions on Information Theory},
	Number = {4},
	Pages = {1085--1094},
	Title = {The Zero-Frequency Problem: Estimating the Probabilities of Novel Events in Adaptive Text Compression},
	Volume = {37},
	Year = {1991}}

@inproceedings{DeLucia:sekeKom2004,
	Address = {Banff, Alberta, Canada},
	Author = {De Lucia, A. and F. Fasano and F. Francese and R. Oliveto},
	Booktitle = {Proc. of 16th International Conference of Software Engineering and Knowledge Engineering -- Workshop on Knowledge Oriented Maintenance},
	Date-Added = {2008-02-07 18:46:19 +0100},
	Date-Modified = {2008-02-07 18:48:36 +0100},
	Pages = {453-466},
	Publisher = {KSI Press},
	Title = {Recovering Traceability Links between Requirement Artefacts: a Case Study},
	Year = {2004}}

@article{DeLucia:jwe2006,
	Author = {De Lucia, A. and R. Francese and G. Scanniello and G. Tortora},
	Journal = {Journal of Web Engineering},
	Number = {5},
	Pages = {150--174},
	Title = {Identifying Cloned Navigational Patterns in Web Applications},
	Volume = {2},
	Year = {2006}}

@article{DeLucia:jsme2007,
	Author = {De Lucia, A. and G. Scanniello and G. Tortora},
	Journal = {Journal of Software Maintenance and Evolution: Research and Practice},
	Number = {5},
	Pages = {281--296},
	Title = {Identifying similar pages in Web applications using a competitive clustering algorithm},
	Volume = {19},
	Year = {2007}}

@inproceedings{Alexander:wt2002,
	Address = {Edinburgh, UK},
	Author = {I. Alexander},
	Booktitle = {Proc. of 1st International Workshop on Traceability},
	Date-Added = {2008-02-04 13:11:10 +0100},
	Date-Modified = {2008-02-04 13:15:59 +0100},
	Pages = {26-31},
	Publisher = {IEEE CS Press},
	Title = {Towards Automatic Traceability in Industrial Practice},
	Year = {2002}}

@inproceedings{Capobianco:icpc2009,
	Address = {Vancouver, British Columbia, Canada},
	Author = {G. Capobianco and De Lucia, A. and R. Oliveto and A. Panichella and S. Panichella},
	Booktitle = {Proceedings of the 17th International Conference on Program Comprehension},
	Date-Added = {2008-02-04 13:11:00 +0100},
	Date-Modified = {2010-02-19 22:33:27 +0100},
	Pages = {148-157},
	Title = {On the Role of the Nouns in {IR}-based Traceability Recovery},
	Year = {2009}}

@article{Domges:com1998,
	Author = {R. Domges and K. Pohl},
	Date-Added = {2008-02-04 12:57:31 +0100},
	Date-Modified = {2008-02-04 12:58:34 +0100},
	Journal = {Communications of the ACM},
	Number = {12},
	Pages = {55-62},
	Title = {Adapting Traceability Environments to Project Specific Needs},
	Volume = {41},
	Year = {1998}}

@techreport{Leffingwell:tr1997,
	Author = {D. Leffingwell},
	Date-Added = {2008-02-04 12:55:24 +0100},
	Date-Modified = {2008-02-04 12:56:36 +0100},
	Institution = {Rational Software Corporation},
	Title = {Calculating Your Return on Investment from More Effective Requirements Management},
	Urldate = {http://www.rational.com/products/whitepapers},
	Year = {1997}}

@incollection{Palmer:2000,
	Author = {J. D. Palmer},
	Booktitle = {Software Requirements Engineering},
	Date-Added = {2008-02-04 12:43:10 +0100},
	Date-Modified = {2008-02-04 12:44:28 +0100},
	Edition = {2nd Edition},
	Editor = {R. H. Thayer and M. Dorfman},
	Pages = {412-422},
	Publisher = {IEEE CS Press},
	Title = {Traceability},
	Year = {2000}}

@inproceedings{Corbo:icsm2007,
	Address = {Paris, France},
	Author = {F. Corbo and and Del Grosso, C. Di Penta, M.},
	Booktitle = {Proc. of 23rd IEEE ICSM},
	Pages = {525--526},
	Publisher = {IEEE CS Press},
	Title = {Smart Formatter: Learning Coding Style from Existing Source Code},
	Year = {2007}}

@article{DeLucia:jvlc2007,
	Author = {De Lucia, A. and F. Fasano and G. Scanniello and G. Tortora},
	Date-Modified = {2008-02-02 16:11:11 +0100},
	Journal = {International Journal of Visual Languages and Computing},
	Number = {5},
	Pages = {492--503},
	Title = {Enhancing Collaborative Synchronous {UML} Modelling with Fine-grained Versioning of Software Artefacts},
	Volume = {18},
	Year = {2007}}

@book{Freedman:1982,
	Author = {D. P. Freedman and G.M. Weinberg},
	Date-Modified = {2008-02-02 16:11:46 +0100},
	Edition = {3rd Edition},
	Publisher = {Little Brown {\&} Co.},
	Title = {Handbook of Walkthroughs, Inspections, and Technical Reviews: Evaluating Programs, Projects, and Products},
	Year = {1982}}

@article{Fagan:ibm1976,
	Author = {M. E. Fagan},
	Journal = {IBM Systems Journal},
	Number = {3},
	Pages = {182--211},
	Title = {Design and Code Inspections to Reduce Errors in Program Development},
	Volume = {15},
	Year = {1976}}

@inproceedings{DeLucia:icgse2007,
	Address = {Munich, Germany},
	Author = {De Lucia, A and F. Fasano and G. Scanniello and G. Tortora},
	Booktitle = {Proc. of 2nd International Conference on Global Software Engineering},
	Pages = {252--261},
	Publisher = {IEEE CS Press},
	Title = {Assessing the Effectiveness of a Distributed Method for Code Inspection: A Controlled Experiment},
	Year = {2007}}

@article{Salton:jasis1990,
	Author = {G. Salton and C. Buckley},
	Date-Added = {2008-02-02 13:26:34 +0100},
	Date-Modified = {2008-02-02 13:27:43 +0100},
	Journal = {Journal of the American Society for Information Science},
	Number = {4},
	Pages = {288-297},
	Title = {Improving Retrieval Per-formance by Relevance Feedback},
	Volume = {41},
	Year = {1990}}

@article{Porter:program1980,
	Author = {M. F. Porter},
	Date-Added = {2008-02-02 11:55:39 +0100},
	Date-Modified = {2008-06-22 09:22:04 +0200},
	Journal = {Program},
	Number = {3},
	Pages = {130-137},
	Title = {An Algorithm for Suffix Stripping},
	Volume = {14},
	Year = {1980}}

@inproceedings{buckley:trec1995,
	Author = {C. Buckley and G. Salton and J. Allan and A. Singhal},
	Booktitle = {Proc. of 3rd Text {REtrieval} Conference},
	Pages = {69--80},
	Publisher = {NIST Special Publication},
	Title = {Automatic Query Expansion Using {SMART}: {TREC} 3},
	Year = {1995}}

@inbook{Rocchio:1971,
	Author = {J. J. Rocchio},
	Chapter = {Relevance feedback in information retrieval},
	Date-Added = {2008-02-01 20:11:01 +0100},
	Date-Modified = {2008-02-05 18:37:31 +0100},
	Pages = {313--323},
	Publisher = {Prentice Hall, Inc.},
	Title = {The {SMART} Retrieval System -- Experiments in Automatic Document Processing},
	Year = {1971}}

@book{SparckJones:1971,
	Author = {Sparck Jones, K.},
	Date-Added = {2008-02-01 20:05:56 +0100},
	Date-Modified = {2008-02-01 20:07:02 +0100},
	Publisher = {Butterworths, London},
	Title = {Automatic Keyword Classification for Information Retrieval},
	Year = {1971}}

@inproceedings{Nistor:scm2005,
	Address = {Lisbon, Portugal},
	Author = {E. C. Nistor and J. R. Erenkrantz and S. A. Hendrickson and van der Hoek, A.},
	Booktitle = {Proc. of 12th International Workshop on Software Configuration Management},
	Date-Added = {2008-01-26 12:33:28 +0100},
	Date-Modified = {2008-01-26 12:34:49 +0100},
	Pages = {99-111},
	Title = {{ArchEvol}: Versioning Architectural-Implementation Relationships},
	Year = {2005}}

@inproceedings{Nguyen:scm2005,
	Address = {Lisbon, Portugal},
	Author = {T. N. Nguyen and C. Thao and E. V. Munson},
	Booktitle = {Proc. of 12th International Workshop on Software Configuration Management},
	Date-Added = {2008-01-26 12:31:31 +0100},
	Date-Modified = {2008-01-26 12:33:03 +0100},
	Pages = {99-111},
	Title = {On Product Versioning for Hypertexts},
	Year = {2005}}

@inproceedings{Caprile:wcre1999,
	Address = {Atlanta, Georgia, USA},
	Author = {B. Caprile and P. Tonella},
	Booktitle = {Proc. of 6th IEEE WCRE},
	Date-Added = {2008-01-05 13:03:46 +0100},
	Date-Modified = {2008-01-05 13:18:47 +0100},
	Pages = {112-122},
	Publisher = {IEEE CS Press},
	Title = {{Nomen Est Omen}: Analyzing the Language of Function Identifiers},
	Year = {1999}}

@inproceedings{Dumais:trec1993,
	Author = {S. T. Dumais},
	Booktitle = {Proc. of the {F}irst {T}ext {RE}trieval {C}onference ({TREC}-1)},
	Pages = {137-152},
	Publisher = {NIST Special Publication},
	Title = {{LSI} Meets {TREC}: A Status Report},
	Year = {1993}}

@inproceedings{DeLucia:icse2008,
	Author = {De Lucia, A. and R. Oliveto and G. Tortora},
	Booktitle = {Proc. of 30th ICSE},
	Date-Added = {2008-01-23 20:21:15 +0100},
	Date-Modified = {2008-06-17 16:23:03 +0200},
	Pages = {839--842},
	Publisher = {ACM Press},
	Title = {{ADAMS Re-Trace}: Traceability Link Recovery via Latent Semantic Indexing},
	Year = {2008}}

@inproceedings{Bruegge:icgse2006,
	Address = {Florianopolis, Brazil},
	Author = {B. Bruegge and De Lucia, A. and F. Fasano and G. Tortora},
	Booktitle = {Proc. of 2nd International Conference on Global Software Engineering},
	Pages = {213--222},
	Title = {Supporting Distributed Software Development with fine-grained Artefact Management},
	Year = {2006}}

@book{DeMori:1998,
	Author = {De Mori, R.},
	Date-Added = {2008-01-06 15:19:25 +0100},
	Date-Modified = {2008-02-07 20:09:56 +0100},
	Publisher = {Academic Press},
	Title = {Spoken Dialogues with Computers},
	Year = {1998}}

@book{Bain:1992,
	Author = {L. Bain and M. Engelhardt},
	Date-Added = {2008-01-06 15:11:57 +0100},
	Date-Modified = {2008-01-06 15:12:51 +0100},
	Publisher = {Duxburry Press},
	Title = {Introduction to Probability and Mathematical Statistics},
	Year = {1992}}

@inproceedings{Tangsripairoj:sap2005,
	Address = {Santa Fe, New Mexico, USA},
	Author = {S. Tangsripairoj and M. H. Samadzadeh},
	Booktitle = {Proc. of 20th Annual ACM Synposium on Applied Computing},
	Date-Added = {2008-01-06 12:49:38 +0100},
	Date-Modified = {2008-01-07 11:56:25 +0100},
	Publisher = {ACM Press},
	Title = {Organizing and visualizing software repositories using the growing hierarchical self-organizing map},
	Year = {2005}}

@article{Sawyer:isfj2002,
	Author = {P. Sawyer and P. Rayson and R: Garside},
	Date-Added = {2008-01-06 10:23:40 +0100},
	Date-Modified = {2008-01-06 10:24:37 +0100},
	Journal = {Information Systems Frontiers Journal},
	Number = {3},
	Pages = {343-353},
	Title = {{REVERE}: support for requirements synthesis from documents},
	Volume = {4},
	Year = {2002}}

@inproceedings{Rayson:riao2000,
	Author = {P. Rayson and R. Garside and P. Sawyer},
	Booktitle = {Proc. of Content-based multimedia information access},
	Date-Added = {2008-01-06 10:19:45 +0100},
	Date-Modified = {2008-01-06 10:20:42 +0100},
	Pages = {1363-1371},
	Title = {Assisting Requirements Engineering with Semantic Document Analysis},
	Year = {2000}}

@article{Stroulia:jcis2005,
	Author = {E. Stroulia and Y. Wang},
	Date-Added = {2008-01-06 10:12:02 +0100},
	Date-Modified = {2008-01-06 10:13:04 +0100},
	Journal = {International Journal of Cooperative Information Systems},
	Number = {4},
	Pages = {407-437},
	Title = {Structural and Semantic Matching for Assessing Web-Service Similarity},
	Volume = {14},
	Year = {2005}}

@incollection{Sajjanhar:2004,
	Author = {A. Sajjanhar and J. Hou and Y. Zhang},
	Booktitle = {Advanced Web Technologies and Applications},
	Date-Added = {2008-01-06 10:08:50 +0100},
	Date-Modified = {2008-01-06 10:10:06 +0100},
	Pages = {665-670},
	Publisher = {Springer Verlag},
	Title = {Algorithm for Web Services Matching},
	Year = {2004}}

@inproceedings{Ma:www2007,
	Address = {Banff, Alberta, Canada},
	Author = {J. Ma and J. Cao and Y. Zhang},
	Booktitle = {Proc. of 16th international Conference on World Wide Web},
	Date-Added = {2008-01-06 10:05:47 +0100},
	Date-Modified = {2008-01-06 10:06:46 +0100},
	Pages = {1221-1222},
	Title = {A probabilistic semantic approach for discovering web services},
	Year = {2007}}

@inproceedings{Ricca:iwpc2004,
	Address = {Bari, Italy},
	Author = {F. Ricca and P. Tonella and C. Girardi and E. Pianta},
	Booktitle = {Proc. of 12th IEEE IWPC},
	Date-Added = {2008-01-06 10:01:45 +0100},
	Date-Modified = {2008-01-06 10:02:49 +0100},
	Pages = {204-213},
	Publisher = {IEEE CS Press},
	Title = {An Empirical Study on Keyword-based Web Site Clustering},
	Year = {2004}}

@inproceedings{DiLucca:icsm2002,
	Address = {Montr{\'e}al, Qu{\'e}bec, Canada},
	Author = {Di Lucca, G. A. and Di Penta, M. and S. Gradara},
	Booktitle = {Proc. of 18th IEEE ICSM},
	Date-Added = {2008-01-06 09:58:03 +0100},
	Date-Modified = {2008-01-06 09:59:17 +0100},
	Pages = {93-102},
	Publisher = {IEEE CS Press},
	Title = {An Approach to Classify Software Maintenance Requests},
	Year = {2002}}

@inproceedings{Canfora:msr2007,
	Address = {Minneapolis, Minnesota, USA},
	Author = {G. Canfora and L. Cerulo and Di Penta, M.},
	Booktitle = {Proc. of 4th MSR},
	Date-Added = {2008-01-06 09:50:28 +0100},
	Date-Modified = {2008-01-07 10:55:27 +0100},
	Pages = {14-21},
	Publisher = {IEEE CS Press},
	Title = {Identifying Changed Source Code Lines from Version Repositories},
	Year = {2007}}

@inproceedings{Canfora:metrics2005,
	Address = {Como, Italy},
	Author = {G. Canfora and L. Cerulo},
	Booktitle = {Proc. of 11th IEEE International Symposium on Software Metrics},
	Date-Added = {2008-01-06 09:46:30 +0100},
	Date-Modified = {2008-01-06 12:44:34 +0100},
	Pages = {20-29},
	Publisher = {IEEE CS Press},
	Title = {Impact Analysis by Mining Software and Change Request Repositories},
	Year = {2005}}

@inproceedings{Maletic:icse2001,
	Address = {Toronto, Ontario, Canada},
	Author = {J. I. Maletic and A. Marcus},
	Booktitle = {Proc. of 23rd ICSE},
	Date-Added = {2008-01-06 09:32:14 +0100},
	Date-Modified = {2008-01-07 11:30:14 +0100},
	Pages = {103-112},
	Publisher = {IEEE CS Press},
	Title = {Supporting Program Comprehension Using Semantic and Structural Information},
	Year = {2001}}

@inproceedings{Maletic:ictai2000,
	Address = {Vancouver, British Columbia, Canada},
	Author = {J. I. Maletic and A. Marcus},
	Booktitle = {Proc. of 12th IEEE International Conference on Tools with Artificial Intelligence},
	Date-Added = {2008-01-06 09:26:22 +0100},
	Date-Modified = {2008-01-06 09:27:45 +0100},
	Pages = {46-53},
	Publisher = {IEEE CS Press},
	Title = {Using Latent Semantic Analysis to Identify Similarities in Source Code to Support Program Understanding},
	Year = {2000}}

@inproceedings{Maletic:ase1999,
	Address = {Cocoa Beach, Florida, USA},
	Author = {J. I. Maletic and N. Valluri},
	Booktitle = {Proc. of 14th ASE},
	Date-Added = {2008-01-06 09:21:22 +0100},
	Date-Modified = {2008-01-06 09:22:36 +0100},
	Pages = {251-254},
	Publisher = {IEEE CS Press},
	Title = {Automatic Software Clustering via Latent Semantic Analysis},
	Year = {1999}}

@inproceedings{Frakes:hicss1987,
	Address = {Kona, Hawaii},
	Author = {W. Frakes},
	Booktitle = {Proc. of 20th Hawaii International Conference On System Sciences},
	Date-Added = {2008-01-06 09:14:48 +0100},
	Date-Modified = {2008-01-07 11:20:01 +0100},
	Pages = {530-535},
	Publisher = {IEEE CS Press},
	Title = {Software Reuse through Information Retrieval},
	Year = {1987}}

@inproceedings{Maarek:sigir1989,
	Address = {Cambridge, Massachusetts, USA},
	Author = {Y. S. Maarek and F. A. Smadja},
	Booktitle = {Proc. of 12th International Conference on Research and Development in Information Retrieval},
	Date-Added = {2008-01-06 09:00:23 +0100},
	Date-Modified = {2008-01-07 11:29:38 +0100},
	Pages = {198-206},
	Publisher = {ACM Press},
	Title = {Full Text Indexing Based on Lexical Relations, an Application: Software Libraries},
	Year = {1989}}

@inproceedings{Mockus:icsm2000,
	Address = {San Jose, California, USA},
	Author = {A. Mockus and L. G. Votta},
	Booktitle = {Proc. of 16th IEEE ICSM},
	Date-Added = {2008-01-05 22:36:52 +0100},
	Date-Modified = {2008-01-07 11:39:35 +0100},
	Pages = {120-130},
	Publisher = {IEEE CS Press},
	Title = {Identifying reasons for software changes using historic databases},
	Year = {2000}}

@inproceedings{Lawrie:icpc2006,
	Address = {Athens, Greece},
	Author = {D. Lawrie and H. Feild and D. Binkley},
	Booktitle = {Proc. of 14th IEEE ICPC},
	Date-Added = {2008-01-05 22:32:25 +0100},
	Date-Modified = {2008-01-05 22:33:36 +0100},
	Pages = {149-158},
	Publisher = {IEEE CS Press},
	Title = {Leveraged Quality Assessment Using Information Retrieval Techniques},
	Year = {2006}}

@inproceedings{Feild:sea2006,
	Address = {Dallas, Texas, USA},
	Author = {H. Feild and D. Binkley and D. Lawrie},
	Booktitle = {Proc. of 10th IASTED International Conference on Software Engineering and Applications},
	Date-Added = {2008-01-05 22:26:30 +0100},
	Date-Modified = {2008-01-07 11:19:08 +0100},
	Publisher = {IASTED Press},
	Title = {An Empirical Comparison of Techniques for Extracting Concept Abbreviations from Identifiers},
	Year = {2006}}

@inproceedings{Lo:oopsla2006,
	Address = {Portland, Oregon, USA},
	Author = {K. K. Lo and M. K. Chan and E. Baniassad},
	Booktitle = {Proc. of ACM SIGPLAN International Conference on Object-Oriented Programming, Systems, Languages and Applications},
	Date-Added = {2008-01-05 22:22:21 +0100},
	Date-Modified = {2008-01-07 11:27:34 +0100},
	Pages = {383-396},
	Publisher = {ACM Press},
	Title = {Isolating and Relating Concerns in Requirements using Latent Semantic Analysis},
	Year = {2006}}

@inproceedings{Linstead:msr2007,
	Address = {Minneapolis, Minnesota, USA},
	Author = {E. Linstead and P. Rigor and S. Bajracharya and C. Lopes and P. Baldi},
	Booktitle = {Proc. of 4th MSR},
	Date-Added = {2008-01-05 22:18:34 +0100},
	Date-Modified = {2008-01-07 10:55:42 +0100},
	Pages = {30-33},
	Publisher = {IEEE CS Press},
	Title = {Mining Eclipse Developer Contributions via Author-Topic Models},
	Year = {2007}}

@inproceedings{Ohba:msr2005,
	Address = {St. Louis, Missouri, USA},
	Author = {M. Ohba and K. Gondow},
	Booktitle = {Proc. of MSR},
	Date-Added = {2008-01-05 22:14:05 +0100},
	Date-Modified = {2008-01-07 11:43:26 +0100},
	Pages = {1-5},
	Title = {Toward mining "concept keywords" from identifiers in large software projects},
	Year = {2005}}

@article{Etzkorn:jsm2002,
	Author = {L. H. Etzkorn and S. Gholston and W. E. Hughes},
	Date-Added = {2008-01-05 22:09:18 +0100},
	Date-Modified = {2008-01-05 22:11:30 +0100},
	Journal = {Journal of Software Maintenance: Research and Practice},
	Number = {5},
	Pages = {293-310},
	Title = {A Semantic Entropy Metric},
	Volume = {14},
	Year = {2002}}

@article{Etzkorn:computer1997,
	Author = {L. H. Etzkorn and C. G. Davis},
	Date-Added = {2008-01-05 22:04:34 +0100},
	Date-Modified = {2008-01-05 22:05:47 +0100},
	Journal = {IEEE Computer},
	Number = {10},
	Pages = {66-72},
	Title = {Automatically Identifying Reusable OO Legacy Code},
	Volume = {30},
	Year = {1997}}

@inproceedings{Dekhtyar:promise2007,
	Address = {Minneapolis, Minnesota, USA},
	Author = {A. Dekhtyar and J. H. Hayes and J. Larsen},
	Booktitle = {Proceedings of 3rd International Workshop on Predictor Models in Software Engineering},
	Date-Added = {2008-01-05 21:59:47 +0100},
	Date-Modified = {2008-01-05 22:01:07 +0100},
	Title = {Make the Most of Your Time: How Should the Analyst Work with Automated Traceability Tools?},
	Year = {2007}}

@article{Cubranic:tse2005,
	Author = {D. Cubranic and G. Murphy and J. Singer and K. Booth},
	Date-Added = {2008-01-05 21:53:29 +0100},
	Date-Modified = {2008-01-05 21:54:28 +0100},
	Journal = {IEEE TSE},
	Number = {6},
	Pages = {446-465},
	Title = {Hipikat: A Project Memory for Software Development},
	Volume = {31},
	Year = {2005}}

@inproceedings{Michail:icse1999,
	Address = {Los Angeles, California, USA},
	Author = {A. Michail and D. Notkin},
	Booktitle = {Proc. of 21st ICSE},
	Date-Added = {2008-01-05 21:47:24 +0100},
	Date-Modified = {2008-01-07 11:37:46 +0100},
	Pages = {463-472},
	Publisher = {IEEE CS Press},
	Title = {Assessing software libraries by browsing similar classes, functions and relationships},
	Year = {1999}}

@inproceedings{Pan:fse2004,
	Address = {Newport Beach, California, USA},
	Author = {Y. Pan and L. Wang and L. Zhang and B. Xie and F. Yang},
	Booktitle = {Proc. of 12th ACM SIGSOFT International Symposium on Foundations of Software Engineering},
	Date-Added = {2008-01-05 21:38:45 +0100},
	Date-Modified = {2008-01-05 21:40:26 +0100},
	Pages = {211-220},
	Publisher = {ACM Press},
	Title = {Relevancy based semantic interoperation of reuse repositories},
	Year = {2004}}

@inproceedings{Patel:icse1992,
	Address = {Melbourne, Australia},
	Author = {S. Patel and W. Chu and R. Baxter},
	Booktitle = {Proc. of 14th ICSE},
	Date-Added = {2008-01-05 21:34:19 +0100},
	Date-Modified = {2008-01-07 11:45:54 +0100},
	Pages = {38-48},
	Publisher = {ACM Press},
	Title = {A Measure for Composite Module Cohesion},
	Year = {1992}}

@inproceedings{Pashov:csmr2004,
	Address = {Tampere, Finland},
	Author = {I. Pashov and M. Riebisch and I. Philippow},
	Booktitle = {Proc. of 8th European Conference on Software Maintenance and Reengineering},
	Date-Added = {2008-01-05 21:28:48 +0100},
	Date-Modified = {2008-01-07 11:44:54 +0100},
	Pages = {25-34},
	Publisher = {IEEE CS Press},
	Title = {Supporting Architectural Restructuring by Analyzing Feature Models},
	Year = {2004}}

@article{Stierna:jipm2003,
	Author = {E. J. Stierna and N. C. Rowe},
	Date-Added = {2008-01-05 21:23:31 +0100},
	Date-Modified = {2008-01-05 21:24:41 +0100},
	Journal = {International Journal on Information Processing and Management},
	Number = {1},
	Pages = {67-74},
	Title = {Applying information-retrieval methods to software reuse: a case study},
	Volume = {39},
	Year = {2003}}

@article{Ye:jase2005,
	Author = {Y. Ye and G. Fischer},
	Date-Added = {2008-01-05 21:14:48 +0100},
	Date-Modified = {2008-01-05 21:16:11 +0100},
	Journal = {Journal of Automated Software Engineering},
	Number = {2},
	Pages = {199-235},
	Title = {Reuse-Conducive Development Environments},
	Volume = {12},
	Year = {2005}}

@inproceedings{Marcus:icsm2005,
	Address = {Budapest, Hungary},
	Author = {A. Marcus and D. Poshyvanyk},
	Booktitle = {Proc. of 21st IEEE ICSM},
	Date-Added = {2008-01-05 19:37:13 +0100},
	Date-Modified = {2008-01-07 11:35:38 +0100},
	Pages = {133-142},
	Publisher = {IEEE CS Press},
	Title = {The Conceptual Cohesion of Classes},
	Year = {2005}}

@inproceedings{Poshyvanyk:icsm2006cocc,
	Address = {Philadelphia, Pennsylvania, USA},
	Author = {D. Poshyvanyk and A. Marcus},
	Booktitle = {Proc. of 22nd IEEE ICSM},
	Date-Added = {2008-01-05 19:29:34 +0100},
	Date-Modified = {2008-01-07 11:48:18 +0100},
	Pages = {469 - 478},
	Publisher = {IEEE CS Press},
	Title = {The Conceptual Coupling Metrics for Object-Oriented Systems},
	Year = {2006}}

@inproceedings{Anvik:icse2006,
	Address = {Shanghai, China},
	Author = {J. Anvik and L. Hiew and G. Murphy},
	Booktitle = {Proc. of 28th ICSE},
	Date-Added = {2008-01-05 19:26:18 +0100},
	Date-Modified = {2008-01-05 19:27:46 +0100},
	Pages = {361-370},
	Publisher = {IEEE CS Press},
	Title = {Who should fix this bug?},
	Year = {2006}}

@inproceedings{Cubranic:seke2004,
	Address = {Banff, Alberta, Canada},
	Author = {D. Cubranic and G. Murphy},
	Booktitle = {Proc. of International Conference of Software Engineering and Knowledge Engineering},
	Date-Added = {2008-01-05 19:18:01 +0100},
	Date-Modified = {2008-01-07 11:06:56 +0100},
	Pages = {92-97},
	Publisher = {KSI Press},
	Title = {Automatic bug triage using text categorization},
	Year = {2004}}

@inproceedings{Weiss:msr2007,
	Address = {Minneapolis, Minnesota, USA},
	Author = {C. Weiss and R. Premraj and T. Zimmermann and A. Zeller},
	Booktitle = {Proc. of 4th MSR},
	Date-Added = {2008-01-05 19:12:55 +0100},
	Date-Modified = {2008-01-07 10:55:54 +0100},
	Pages = {1-8},
	Publisher = {IEEE CS Press},
	Title = {How Long Will It Take to Fix This Bug?},
	Year = {2007}}

@inproceedings{Runeson:icse2007,
	Address = {Minneapolis, Minnesota, USA},
	Author = {P. Runeson and M. Alexandersson and O. Nyholm},
	Booktitle = {Proc. of 29th ICSE},
	Date-Added = {2008-01-05 19:04:54 +0100},
	Date-Modified = {2008-01-05 19:06:36 +0100},
	Pages = {499-510},
	Title = {Detection of Duplicate Defect Reports Using Natural Language Processing},
	Year = {2007}}

@article{Kuhn:ist2007,
	Author = {A. Kuhn and S. Ducasse and T. G{\^\i}rba},
	Date-Added = {2008-01-05 18:58:21 +0100},
	Date-Modified = {2008-01-05 18:59:13 +0100},
	Journal = {Information and Software Technology},
	Number = {3},
	Pages = {230-243},
	Title = {Semantic Clustering: Identifying Topics in Source Code},
	Volume = {49},
	Year = {2007}}

@article{Kawaguchi:jss2006,
	Author = {S. Kawaguchi and P. Garg and M. Matsushita and K. Inoue},
	Date-Added = {2008-01-05 18:52:55 +0100},
	Date-Modified = {2008-01-05 18:54:27 +0100},
	Journal = {International Journal of Systems and Software},
	Number = {7},
	Pages = {939-953},
	Title = {{MUDABlue}: An automatic categorization system for Open Source repositories},
	Volume = {79},
	Year = {2006}}

@article{Zhao:tosem2007,
	Author = {W. Zhao and L. Zhang and Y. Liu and J. Sun and F. Yang},
	Date-Added = {2008-01-05 18:32:45 +0100},
	Date-Modified = {2008-01-05 18:34:04 +0100},
	Journal = {ACM TOSEM},
	Number = {2},
	Pages = {195-226},
	Title = {{SNIAFL}: Towards a Static Non-interactive Approach to Feature Location},
	Volume = {15},
	Year = {2006}}

@inproceedings{Xie:icse2006,
	Address = {Shanghai, China},
	Author = {X. Xie and D. Poshyvanyk and A. Marcus},
	Booktitle = {Proc. of 28th ICSE},
	Date-Added = {2008-01-05 18:29:37 +0100},
	Date-Modified = {2008-01-05 18:30:43 +0100},
	Pages = {839-842},
	Publisher = {IEEE CS Press},
	Title = {3D Visualization for Concept Location in Source Code},
	Year = {2006}}

@inproceedings{Sindhgatta:icse2006,
	Address = {Shanghai, China},
	Author = {R. Sindhgatta},
	Booktitle = {Proc. of 28th ICSE},
	Date-Added = {2008-01-05 18:27:38 +0100},
	Date-Modified = {2008-01-05 18:28:38 +0100},
	Pages = {905-908},
	Publisher = {IEEE CS Press},
	Title = {Using an information retrieval system to retrieve source code samples},
	Year = {2006}}

@inproceedings{Shepherd:aosd2007,
	Address = {Vancouver, British Columbia, Canada},
	Author = {D. Shepherd and Z. Fry and E. Gibson and L. Pollock and K. Vijay-Shanker},
	Booktitle = {Proc. of 6th International Conference on Aspect Oriented Software Development},
	Date-Added = {2008-01-05 18:22:44 +0100},
	Date-Modified = {2008-01-07 11:54:30 +0100},
	Pages = {212-224},
	Publisher = {ACM Press},
	Title = {Using Natural Language Program Analysis to Locate and Understand Action-Oriented Concerns},
	Year = {2007}}

@inproceedings{Poshyvanyk:icpc2007,
	Address = {Banff, Alberta, Canada},
	Author = {D. Poshyvanyk and D. Marcus},
	Booktitle = {Proc. of 15th IEEE ICPC},
	Date-Added = {2008-01-05 18:19:48 +0100},
	Date-Modified = {2008-01-05 18:20:48 +0100},
	Pages = {37-48},
	Publisher = {IEEE CS Press},
	Title = {Combining Formal Concept Analysis with Information Retrieval for Concept Location in Source Code},
	Year = {2007}}

@inproceedings{Liu:ase2007,
	Address = {Atlanta, Georgia, USA},
	Author = {D. Liu and A. Marcus and D. Poshyvanyk and V. Rajlich},
	Booktitle = {Proc. of 22nd ASE},
	Date-Added = {2008-01-05 18:15:04 +0100},
	Date-Modified = {2008-01-07 11:27:05 +0100},
	Publisher = {ACM Press},
	Title = {Feature Location via Information Retrieval based Filtering of a Single Scenario Execution Trace},
	Year = {2007}}

@article{Poshyvanyk:tse2007,
	Author = {D. Poshyvanyk and Y. Gael-Gueheneuc and A. Marcus and G. Antoniol and V. Rajlich},
	Date-Added = {2008-01-05 18:10:03 +0100},
	Date-Modified = {2008-01-05 18:11:18 +0100},
	Journal = {IEEE TSE},
	Number = {6},
	Pages = {420-432},
	Title = {Feature Location using Probabilistic Ranking of Methods based on Execution Scenarios and Information Retrieval},
	Volume = {33},
	Year = {2007}}

@inproceedings{Poshyvanyk:icpc2006feature,
	Address = {Athens, Greece},
	Author = {D. Poshyvanyk and Y. Gael-Gueheneuc and A. Marcus and G. Antoniol and V. Rajlich},
	Booktitle = {Proc. of 14th IEEE ICPC},
	Date-Added = {2008-01-05 18:07:06 +0100},
	Date-Modified = {2008-01-05 18:09:23 +0100},
	Pages = {137-148},
	Publisher = {IEEE CS Press},
	Title = {Combining Probabilistic Ranking and Latent Semantic Indexing for Feature Identification},
	Year = {2006}}

@inproceedings{Poshyvanyk:icsm2006,
	Address = {Philadelphia, Pennsylvania, USA},
	Author = {D. Poshyvanyk and M. Petrenko and A. Marcus and X. Xie and D. Liu},
	Booktitle = {Proc. of 22nd IEEE ICSM},
	Date-Added = {2008-01-05 18:03:57 +0100},
	Date-Modified = {2008-01-07 11:48:09 +0100},
	Pages = {334-338},
	Publisher = {IEEE CS Press},
	Title = {Source Code Exploration with Google},
	Year = {2006}}

@inproceedings{Moldovan:late2006,
	Address = {Bonn, Germany},
	Author = {G. Moldovan and G. Serban},
	Booktitle = {Proc. of Workshop on Linking Aspect Technology and Evolution},
	Date-Added = {2008-01-05 18:00:58 +0100},
	Date-Modified = {2008-01-07 11:41:14 +0100},
	Publisher = {ACM Press},
	Title = {Aspect Mining using a Vector-Space Model Based Clustering Approach},
	Year = {2006}}

@inproceedings{Marcus:iwpc2005,
	Address = {St. Louis, Missouri, USA},
	Author = {A. Marcus and V. Rajlich and J. Buchta and M. Petrenko and A. Sergeyev},
	Booktitle = {Proc. of 13th IEEE IWPC},
	Date-Added = {2008-01-05 17:57:42 +0100},
	Date-Modified = {2008-01-07 11:35:46 +0100},
	Pages = {33-42},
	Publisher = {IEEE CS Press},
	Title = {Static Techniques for Concept Location in Object Oriented Code},
	Year = {2005}}

@inproceedings{Poshyvanyk:icpc2006jiriss,
	Address = {Athens, Greece},
	Author = {D. Poshyvanyk and A. Marcus and Y. Dong},
	Booktitle = {Proc. of 14th IEEE ICPC},
	Date-Added = {2008-01-05 17:55:36 +0100},
	Date-Modified = {2008-01-05 18:09:11 +0100},
	Pages = {252-255},
	Publisher = {IEEE CS Press},
	Title = {{JIRiSS} - an Eclipse plug-in for Source Code Exploration},
	Year = {2006}}

@inproceedings{Poshyvanyk:icsm2005,
	Address = {Budapest, Hungary},
	Author = {D. Poshyvanyk and A. Marcus and Y. Dong and A. Sergeyev},
	Booktitle = {Proc. of 21st IEEE ICSM},
	Date-Added = {2008-01-05 17:53:45 +0100},
	Date-Modified = {2008-01-05 17:55:03 +0100},
	Pages = {69-72},
	Publisher = {IEEE CS Press},
	Title = {{IRiSS} - A Source Code Exploration Tool},
	Year = {2005}}

@inproceedings{Marcus:wcre2004,
	Address = {Delft, The Netherlands},
	Author = {A. Marcus and A. Sergeyev and V. Rajlich and J. I. Maletic},
	Booktitle = {Proc. of 11th WCRE},
	Date-Added = {2008-01-05 17:50:54 +0100},
	Date-Modified = {2008-01-07 10:56:05 +0100},
	Pages = {214-223},
	Publisher = {IEEE CS Press},
	Title = {An Information Retrieval Approach to Concept Location in Source Code},
	Year = {2004}}

@inproceedings{Marcus:icsm2004,
	Address = {Chicago, Illinois, USA},
	Author = {A. Marcus},
	Booktitle = {Proc. of 20th IEEE ICSM},
	Date-Added = {2008-01-05 17:49:14 +0100},
	Date-Modified = {2008-01-05 17:50:34 +0100},
	Pages = {496-473},
	Publisher = {IEEE CS Press},
	Title = {Semantic Driven Program Analysis},
	Year = {2004}}

@inproceedings{Marcus:ase2001,
	Address = {San Diego, California, USA},
	Author = {A. Marcus and J. I. Maletic},
	Booktitle = {Proc. of 16th ASE},
	Date-Added = {2008-01-05 17:46:19 +0100},
	Date-Modified = {2008-01-07 11:34:17 +0100},
	Pages = {107-114},
	Publisher = {IEEE CS Press},
	Title = {Identification of High-Level Concept Clones in Source Code},
	Year = {2001}}

@article{Maarek:tse1991,
	Author = {Y. S. Maarek and D. M. Berry and G. E. Kaiser},
	Date-Added = {2008-01-05 17:42:22 +0100},
	Date-Modified = {2008-01-05 17:44:27 +0100},
	Journal = {IEEE TSE},
	Number = {8},
	Pages = {800-813},
	Title = {An Information Retrieval Approach for Automatically Constructing Software Libraries},
	Volume = {17},
	Year = {1991}}

@inproceedings{Helm:oopsla1991,
	Address = {Phoenix, Arizona, USA},
	Author = {R. Helm and Y. S. Maarek},
	Booktitle = {Proc. of ACM SIGPLAN Conference on Object-Oriented Programming Systems, Languages, and Applications},
	Date-Added = {2008-01-05 17:37:53 +0100},
	Date-Modified = {2008-01-07 11:28:07 +0100},
	Pages = {47-61},
	Publisher = {ACM Press},
	Title = {Integrating information retrieval and domain specific approaches for browsing and retrieval in object-oriented class libraries},
	Year = {1991}}

@inproceedings{Grechanik:msr2007,
	Address = {Minneapolis, Minnesota, USA},
	Author = {M. Grechanik and K. M. Conroy and K. A. Probst},
	Booktitle = {Proc. of 4th MSR},
	Date-Added = {2008-01-05 17:34:06 +0100},
	Date-Modified = {2008-01-07 10:55:36 +0100},
	Pages = {12-15},
	Publisher = {IEEE CS Press},
	Title = {Finding Relevant Applications for Prototyping},
	Year = {2007}}

@inproceedings{Chen:icsm2001,
	Address = {Florence, Italy},
	Author = {A. Chen and E. Chou and J. Wong and A. Y. Yao and Q. Zhang and S. Zhang and A. Michail},
	Booktitle = {Proc. of 17th IEEE ICSM},
	Date-Added = {2008-01-05 17:29:07 +0100},
	Date-Modified = {2008-01-07 10:57:38 +0100},
	Pages = {364-373},
	Publisher = {IEEE CS Press},
	Title = {{CVSSearch}: searching through source code using CVS comments},
	Year = {2001}}

@inproceedings{Maletic:tefse2005,
	Address = {Long Beach, California, USA},
	Author = {J. I. Maletic and M. L. Collard and B. Simoes},
	Booktitle = {Proc. of 3rd International Workshop on Traceability in Emerging Forms of Software Engineering},
	Date-Added = {2008-01-05 17:11:11 +0100},
	Date-Modified = {2008-01-05 17:12:37 +0100},
	Pages = {67-72},
	Publisher = {ACM Press},
	Title = {An {XML} Based Approach to Support the Evolution of Model-to-Model Traceability Links},
	Year = {2005}}

@inproceedings{Nguyen:iwscm2005,
	Address = {Lisbon, Portugal},
	Author = {T. N. Nguyen and C. Thao and E. V. Munson},
	Booktitle = {Proc. of 12th International Workshop on Software Configuration Management},
	Date-Added = {2008-01-05 17:08:29 +0100},
	Date-Modified = {2008-01-07 11:42:51 +0100},
	Pages = {99-111},
	Publisher = {ACM Press},
	Title = {On Product Versioning for Hypertexts},
	Year = {2005}}

@inproceedings{Nistor:iwscm2005,
	Address = {Lisbon, Portugal},
	Author = {E. C. Nistor and J. R. Erenkrantz and S. A. Hendrickson and van der Hoek, A.},
	Booktitle = {Proc. of 12th International Workshop on Software Configuration Management},
	Date-Added = {2008-01-05 17:04:44 +0100},
	Date-Modified = {2008-01-07 11:43:05 +0100},
	Pages = {99-111},
	Publisher = {ACM Press},
	Title = {{ArchEvol}: Versioning Architectural-Implementation Relationships},
	Year = {2005}}

@inproceedings{Nuseibeh:sigsoft1996,
	Address = {San Francisco, California, USA},
	Author = {B. Nuseibeh},
	Booktitle = {Joint Proc. of 2nd International Software Architecture Workshop and International Workshop on Multiple Perspectives in Software Development on SIGSOFT '96 workshops},
	Date-Added = {2008-01-05 17:00:20 +0100},
	Date-Modified = {2008-01-05 17:02:33 +0100},
	Pages = {184-186},
	Publisher = {ACM Press},
	Title = {Towards a Framework for Managing Inconsistency Between Multiple Views},
	Year = {1996}}

@inproceedings{Finkelstein:sigsoft1996,
	Address = {San Francisco, California, USA},
	Author = {A. Finkelstein and G. Spanoudakis and D. Till},
	Booktitle = {Joint Proc. of 2nd International Software Architecture Workshop and International Workshop on Multiple Perspectives in Software Development on {SIGSOFT} '96 workshops},
	Date-Added = {2008-01-05 16:57:50 +0100},
	Date-Modified = {2008-01-05 16:59:40 +0100},
	Pages = {172-174},
	Publisher = {ACM Press},
	Title = {Managing Interference},
	Year = {1996}}

@incollection{Spanoudakis:hseke2001,
	Author = {G. Spanoudakis and A. Zisman},
	Booktitle = {Handbook of Software Engineering and Knowledge Engineering},
	Date-Added = {2008-01-05 16:54:40 +0100},
	Date-Modified = {2008-01-05 16:56:55 +0100},
	Editor = {S. K. Chang},
	Pages = {24-29},
	Publisher = {World Scientific Publishing Co.},
	Title = {Inconsistency management in software engineering: Survey and open research issues},
	Year = {2001}}

@article{Cugola:tosem1996,
	Author = {G. Cugola and E. Di Nitto and A. Fuggetta and C. Ghezzi},
	Date-Added = {2008-01-05 16:52:24 +0100},
	Date-Modified = {2008-01-05 16:53:30 +0100},
	Journal = {ACM TOSEM},
	Number = {3},
	Pages = {191-230},
	Title = {A Framework for Formalizing Inconsistencies in Human-Centered Systems},
	Volume = {5},
	Year = {1996}}

@article{Cugola:tse1998,
	Author = {G. Cugola},
	Date-Added = {2008-01-05 16:49:47 +0100},
	Date-Modified = {2008-01-05 16:51:15 +0100},
	Journal = {IEEE TSE},
	Number = {11},
	Pages = {982-1001},
	Title = {Tolerating Deviations in Process Support Systems via Flexible Enactment of Process Models},
	Volume = {24},
	Year = {1998}}

@inproceedings{Aversano:seke2003,
	Address = {San Francisco, California, USA},
	Author = {L. Aversano and De Lucia, A. and M. Gaeta and P. Ritrovato},
	Booktitle = {Proc. of 15th International Conference on Software Engineering and Knowledge Engineering},
	Date-Added = {2008-01-05 16:15:52 +0100},
	Date-Modified = {2008-01-07 11:03:45 +0100},
	Pages = {497-502},
	Publisher = {KSI Press},
	Title = {{GENESIS}: a Flexible and Distributed Environment for Cooperative Software Engineering},
	Year = {2003}}

@inproceedings{Boldyreff:icsac2002,
	Address = {Oxford, UK},
	Author = {C. Boldyreff and D. Nutter and S. Rank},
	Booktitle = {Proc. of 26th IEEE Annual International Computer Software and Applications Conference},
	Date-Added = {2008-01-05 16:13:24 +0100},
	Date-Modified = {2008-01-05 16:14:58 +0100},
	Pages = {1081-1086},
	Publisher = {IEEE CS Press},
	Title = {Active Artefact Management for Distributed Software Engineering},
	Year = {2002}}

@incollection{Smith:2003,
	Author = {M. Smith and D. Weiss and P. Wilcox and R. Dewer},
	Booktitle = {Cooperative Methods and Tools for Distributed Software Processes},
	Date-Added = {2008-01-05 16:06:36 +0100},
	Date-Modified = {2008-01-05 16:08:35 +0100},
	Editor = {A. Cimitile A. De Lucia and H. Gall},
	Pages = {150-161},
	Publisher = {Franco Angeli},
	Title = {The {Ophelia} traceability layer},
	Year = {2003}}

@techreport{Rittel:tr1970,
	Author = {H. Rittel and W. Kunz},
	Date-Added = {2008-01-05 16:01:16 +0100},
	Date-Modified = {2008-01-05 16:04:34 +0100},
	Institution = {Institut fur Grundlagen der Planung, University of Stuttgart},
	Number = {31},
	Title = {Issues as Elements of Information Systems},
	Year = {1970}}

@inproceedings{Singhal:trec1999,
	Author = {A. Singhal and J. Choi D. Hindle and D. Lewis and F. Pereira},
	Booktitle = {Proc. of the 7th {T}ext {RE}trieval {C}onference ({TREC}-7)},
	Date-Added = {2007-11-07 19:07:22 +0100},
	Date-Modified = {2007-11-07 19:09:11 +0100},
	Pages = {239--252},
	Publisher = {NIST Special Publication},
	Title = {AT\&T at {TREC-7}},
	Year = {1999}}

@inproceedings{Robertson:trec1999,
	Author = {Robertson, S. E. and S. Walker and M. Beaulieu},
	Booktitle = {Proc. of 7th {T}ext {RE}trieval {C}onference ({TREC}-7)},
	Date-Added = {2007-11-07 19:05:02 +0100},
	Date-Modified = {2008-01-07 11:52:27 +0100},
	Pages = {253--264},
	Publisher = {NIST Special Publication},
	Title = {Okapi at {TREC--7}: automatic ad hoc, filtering, {VLC} and filtering tracks},
	Year = {1999}}

@inproceedings{Singhal:sigir1996,
	Address = {Zurich, Switzerland},
	Author = {A. Singhal and C. Buckley and M. Mitra},
	Booktitle = {Proc. of the 19th annual international {ACM SIGIR} conference on Research and development in information retrieval},
	Date-Added = {2007-11-07 18:06:55 +0100},
	Date-Modified = {2008-01-07 11:55:12 +0100},
	Pages = {21-29},
	Publisher = {ACM Press},
	Title = {Pivoted document length normalization},
	Year = {1996}}

@inproceedings{Robertson:sigir1994,
	Address = {Dublin, Ireland},
	Author = {Robertson, S. E. and Walker, S.},
	Booktitle = {Proc. of 17th Annual International {ACM SIGIR} Conference on Research and Development in Information Retrieval},
	Date-Added = {2007-11-07 18:03:36 +0100},
	Date-Modified = {2008-01-07 11:52:19 +0100},
	Pages = {232--241},
	Publisher = {ACM/Springer},
	Title = {Some simple effective approximations to the 2--poisson model for probabilistic weighted retrieval},
	Year = {1994}}

@inproceedings{Buckley:trec1993,
	Author = {C. Buckley and G. Salton and J. Allan},
	Booktitle = {Proc. of the {F}irst {T}ext {RE}trieval {C}onference ({TREC}-1)},
	Date-Added = {2007-11-07 18:00:19 +0100},
	Date-Modified = {2007-11-07 18:02:28 +0100},
	Pages = {59-72},
	Publisher = {NIST Special Publication},
	Title = {Automatic retrieval with locality information using {SMART}},
	Year = {1993}}

@article{SparckJones:jd1972,
	Author = {Sparck Jones, K.},
	Date-Added = {2007-11-07 17:56:55 +0100},
	Date-Modified = {2007-11-07 17:58:06 +0100},
	Journal = {Journal of Documentation},
	Pages = {11-21},
	Title = {A statistical interpretation of term specificity and its application in retrieval},
	Volume = {28},
	Year = {1972}}

@article{Robertson:jasis1976,
	Author = {Robertson, S. E. and Sparck Jones, K.},
	Date-Added = {2007-11-07 17:27:14 +0100},
	Date-Modified = {2007-11-07 17:28:43 +0100},
	Journal = {Journal of the American Society for Information Science},
	Number = {3},
	Pages = {129-146},
	Title = {Relevance weighting of search terms},
	Volume = {27},
	Year = {1976}}

@article{Salton:comm1975,
	Author = {G. Salton and A. Wong and Yang, C. S.},
	Date-Added = {2007-11-07 15:24:39 +0100},
	Date-Modified = {2007-11-07 15:26:00 +0100},
	Journal = {Communications of the ACM},
	Number = {11},
	Pages = {613-620},
	Title = {A vector space model for information retrieval},
	Volume = {18},
	Year = {1975}}

@inproceedings{Harman:trec1993,
	Author = {Harman, D. K.},
	Booktitle = {Proc. of the First {T}ext {RE}trieval {C}onference ({TREC}-1)},
	Date-Added = {2007-11-06 22:46:10 +0100},
	Date-Modified = {2007-11-06 22:47:54 +0100},
	Pages = {1--20},
	Publisher = {{NIST} Special Publication},
	Title = {Overview of the first {T}ext {RE}trieval {C}onference ({TREC}-1)},
	Year = {1993}}

@inproceedings{Cleverdon:aslib1967,
	Author = {Cleverdon, C. W.},
	Booktitle = {Aslib Proceedings},
	Date-Added = {2007-11-06 22:43:36 +0100},
	Date-Modified = {2008-01-07 10:58:42 +0100},
	Pages = {173-192},
	Title = {The Cranfield tests on index language devices},
	Volume = {19},
	Year = {1967}}

@book{Salton:1971,
	Author = {G. Salton},
	Date-Added = {2007-11-06 22:41:38 +0100},
	Date-Modified = {2007-11-06 22:42:31 +0100},
	Publisher = {Prentice Hall Inc.},
	Title = {The {SMART} Retrieval System - Experiments in Automatic Document Retrieval},
	Year = {1971}}

@article{Luhn:jrd1957,
	Author = {Luhn, H. P.},
	Date-Added = {2007-11-06 20:17:07 +0100},
	Date-Modified = {2007-11-06 20:19:13 +0100},
	Journal = {IBM Journal of Research and Development},
	Number = {4},
	Pages = {309-317},
	Title = {A statistical approach to mechanized encoding and searching of literary information},
	Volume = {1},
	Year = {1957}}

@incollection{Bush:1991,
	Author = {V. Bush},
	Booktitle = {From Memex To Hypertext: Vannevar Bush and the Mind's Machine},
	Date-Modified = {2008-01-07 10:54:42 +0100},
	Editor = {Nyce, J. M. and P. Kahn},
	Pages = {85-110},
	Publisher = {Academic Press Professional},
	Title = {As we may think},
	Year = {1991}}

@article{Ying:tse2004,
	Author = {A. T. T. Ying and G. C. Murphy and R. Ng and M. C. Chu-Carroll},
	Date-Added = {2008-01-05 15:16:26 +0100},
	Date-Modified = {2008-01-07 11:57:09 +0100},
	Journal = {IEEE Transactions on Software Engineering},
	Number = {9},
	Pages = {574-586},
	Title = {Predicting Source Code Changes by Mining Change History},
	Volume = {30},
	Year = {2004}}

@inproceedings{Gall:iwpse2003,
	Address = {Helsinki, Finland},
	Author = {H. Gall and M. Jazayeri and J. Krajewski},
	Booktitle = {Proc. of 6th International Workshop on Principles of Software Evolution},
	Date-Added = {2008-01-05 15:13:29 +0100},
	Date-Modified = {2008-01-07 11:21:49 +0100},
	Pages = {13--23},
	Publisher = {IEEE CS Press},
	Title = {{CVS} release history data for detecting logical couplings},
	Year = {2003}}

@inproceedings{Richardson:ase2004,
	Address = {Linz, Austria},
	Author = {J. Richardson and J. Green},
	Booktitle = {Proc. of 19th ASE},
	Date-Added = {2008-01-05 15:08:27 +0100},
	Date-Modified = {2008-01-05 15:10:00 +0100},
	Pages = {24-33},
	Publisher = {IEEE CS Press},
	Title = {Automating Traceability for Generated Software Artifacts},
	Year = {2004}}

@inproceedings{Egyed:ase2002,
	Address = {Edinburgh, UK},
	Author = {A. Egyed and P. Gr{\"u}nbacher},
	Booktitle = {Proceedings of the 17th International Conference on Automated Software Engineering},
	Date-Added = {2008-01-05 15:06:17 +0100},
	Date-Modified = {2008-01-05 15:07:32 +0100},
	Pages = {163-171},
	Publisher = {IEEE CS Press},
	Title = {Automating Requirements Traceability: Beyond the Record and Replay Paradigm},
	Year = {2002}}

@inproceedings{Sefika:icse1996,
	Address = {Berlin, Germany},
	Author = {M. Sefika and A. Sane and R.H. Campbell},
	Booktitle = {Proc. of 16th ICSE},
	Date-Added = {2008-01-05 15:04:18 +0100},
	Date-Modified = {2008-01-07 11:53:26 +0100},
	Pages = {387--396},
	Publisher = {IEEE CS Press},
	Title = {Monitoring Compliance of a Software System with Its High-Level Design Models},
	Year = {1996}}

@inproceedings{Briand:icsm2003,
	Address = {Amsterdam, the Netherlands},
	Author = {L. C. Briand and Y. Labiche and L. O'Sullivan},
	Booktitle = {Proc. of 19th IEEE International Conference on Software Maintenace},
	Pages = {256-265},
	Publisher = {IEEE CS Press},
	Title = {Impact Analysis and Change Management of UML Models},
	Year = {2003}}

@inproceedings{vonKnethen:icsm2003,
	Address = {Amsterdam, the Netherlands},
	Author = {von Knethen, A. and M. Grund},
	Booktitle = {Proc. of 19th IEEE ICSM},
	Date-Added = {2008-01-05 14:55:41 +0100},
	Date-Modified = {2008-01-05 15:00:05 +0100},
	Pages = {246-255},
	Publisher = {IEEE CS Press},
	Title = {{QuaTrace}: A Tool Environment for (Semi-) Automatic Impact Analysis Based on Traces},
	Year = {2003}}

@inproceedings{Poshyvanyk:gct2007,
	Address = {Lexington, Kentuky, USA},
	Author = {D. Poshyvanyk and A. Marcus},
	Booktitle = {Proc. of International Symposium on Grand Challenges in Traceability},
	Date-Added = {2008-01-05 13:28:37 +0100},
	Date-Modified = {2008-01-05 13:29:43 +0100},
	Pages = {27-30},
	Publisher = {ACM Press},
	Title = {Using Traceability Links to Assess and Maintain the Quality of Software Documentation},
	Year = {2007}}

@inproceedings{Lormans:tefse2005,
	Address = {Long Beach, California, USA},
	Author = {M. Lormans and Van Deursen, A.},
	Booktitle = {Proc. of 3rd International Workshop on Traceability in Emerging Forms of Software Engineering},
	Date-Added = {2008-01-05 13:25:50 +0100},
	Date-Modified = {2008-01-07 11:36:38 +0100},
	Pages = {37-42},
	Publisher = {ACM Press},
	Title = {Reconstructing requirements coverage views from design and test using traceability recovery via LSI},
	Year = {2005}}

@article{Yadla:isse2005,
	Author = {S. Yadla and Huffman Hayes, J. and A. Dekhtyar},
	Date-Added = {2008-01-05 13:21:26 +0100},
	Date-Modified = {2008-01-05 13:22:56 +0100},
	Journal = {Innovations in Systems and Software Engineering: A NASA Journal},
	Number = {2},
	Pages = {116-124},
	Title = {Tracing Requirements to Defect Reports: An Application of Information Retrieval Techniques},
	Volume = {1},
	Year = {2005}}

@inproceedings{Maletic:tefse2003,
	Address = {Montreal, Canada},
	Author = {J. I. Maletic and E. Munson and A. Marcus and T. Nguyen},
	Booktitle = {Proc. of 2nd International Workshop on Traceability in Emerging Forms of Software Engineering},
	Date-Added = {2008-01-05 13:16:20 +0100},
	Date-Modified = {2008-01-07 11:32:41 +0100},
	Pages = {47-54},
	Publisher = {IEEE CS Press},
	Title = {Combining Traceability Link Recovery with Conformance Analysis via a Formal Hypertext Model},
	Year = {2003}}

@article{Marcus:jseke2005,
	Author = {A. Marcus and J. I. Maletic and A. Sergeyev},
	Date-Added = {2008-01-05 13:13:00 +0100},
	Date-Modified = {2008-01-05 17:10:57 +0100},
	Journal = {International Journal of Software Engineering and Knowledge Engineering},
	Number = {5},
	Pages = {811-836},
	Title = {Recovery of Traceability Links Between Software Documentation and Source Code},
	Volume = {15},
	Year = {2005}}

@article{Antoniol:spe2001,
	Author = {G. Antoniol and G. Canfora and G. Casazza and De Lucia, A.},
	Date-Added = {2008-01-05 13:10:25 +0100},
	Date-Modified = {2008-01-05 13:11:45 +0100},
	Journal = {Software - Practice and Experience},
	Number = {4},
	Pages = {331-355},
	Title = {Maintaining Traceability Links During Object-Oriented Software Evolution},
	Volume = {31},
	Year = {2001}}

@inproceedings{Antoniol:wcre1999,
	Address = {Atlanta, Georgia, USA},
	Author = {G. Antoniol and G. Canfora and De Lucia, A. and E. Merlo},
	Booktitle = {Proc. of 6th WCRE},
	Date-Added = {2008-01-05 13:03:46 +0100},
	Date-Modified = {2008-01-07 10:48:11 +0100},
	Pages = {136-144},
	Publisher = {IEEE CS Press},
	Title = {Recovering Code to Documentation Links in OO Systems},
	Year = {1999}}

@inproceedings{Antoniol:iwpc2000,
	Address = {Limerick, Ireland},
	Author = {G. Antoniol and G. Canfora and G. Casazza and De Lucia, A. and E. Merlo},
	Booktitle = {Proc. of 8th IEEE IWPC},
	Date-Added = {2008-01-05 12:59:22 +0100},
	Date-Modified = {2008-01-07 10:45:38 +0100},
	Pages = {79-87},
	Publisher = {IEEE CS Press},
	Title = {Tracing Object-Oriented Code into Functional Requirements},
	Year = {2000}}

@inproceedings{Antoniol:icsm2000,
	Address = {San Jose, California, USA},
	Author = {G. Antoniol and G. Canfora and G. Casazza and De Lucia, A.},
	Booktitle = {Proc. of 16th IEEE ICSM},
	Date-Added = {2008-01-05 12:56:09 +0100},
	Date-Modified = {2008-01-07 10:45:15 +0100},
	Pages = {40-51},
	Publisher = {IEEE CS Press},
	Title = {Information Retrieval Models for Recovering Traceability Links between Code and Documentation},
	Year = {2000}}

@article{Dag:re2002,
	Author = {J. Dag and B. Regnell and P. Carlshamre and M. Andersson and J. Karlsson},
	Date-Added = {2008-01-05 12:53:13 +0100},
	Date-Modified = {2008-01-05 12:54:54 +0100},
	Journal = {Requirements Engineering},
	Number = {1},
	Pages = {20-33},
	Title = {A Feasibility Study of Automated Natural Language Requirements Analysis in Market-driven Development},
	Volume = {7},
	Year = {2002}}

@inproceedings{Oliveto:icsm2007,
	Address = {Paris, France},
	Author = {R. Oliveto and G. Antoniol and A. Marcus and J. Hayes},
	Booktitle = {Proc. of 23rd IEEE ICSM},
	Date-Added = {2007-11-23 16:44:48 +0100},
	Date-Modified = {2008-01-07 11:44:02 +0100},
	Pages = {485-488},
	Publisher = {IEEE Press},
	Title = {Software Artefact Traceability: the Never-ending Challenge},
	Year = {2007}}

@book{Elmasri:2003,
	Author = {R. Elmasri and Navathe, S. B.},
	Date-Added = {2007-09-12 16:53:17 +0200},
	Date-Modified = {2007-09-12 16:54:22 +0200},
	Publisher = {Addison Wesley},
	Title = {Fundamentals of Database Systems},
	Year = {2003}}

@article{Miller:ps1956,
	Author = {G. A. Miller},
	Journal = {The Psychological Review},
	Number = {2},
	Pages = {81-97},
	Title = {The Magical Number Seven, Plus or Minus Two: Some Limits on Our Capacity for Processing Information},
	Volume = {63},
	Year = {1956}}

@article{Basili:tse1986,
	Author = {Basili, V. R. and Selby, R. W. and Hutchens, D. H.},
	Date-Added = {2007-09-07 17:40:05 +0200},
	Date-Modified = {2007-09-07 17:42:29 +0200},
	Journal = {IEEE TSE},
	Number = {7},
	Pages = {758-773},
	Title = {Experimentation in Software Engineering},
	Volume = {12},
	Year = {1986}}

@book{Bruegge:2003,
	Author = {B. Bruegge and Dutoit, A. H.},
	Date-Added = {2007-08-31 13:04:57 +0200},
	Date-Modified = {2007-08-31 13:05:53 +0200},
	Publisher = {Prentice Hall},
	Title = {Object-Oriented Software Engineering: Using UML, Patterns, and Java},
	Year = {2003}}

@book{Rumbaugh:2004,
	Author = {J. Rumbaugh and I. Jacobson and G. Booch},
	Date-Added = {2007-08-31 13:02:32 +0200},
	Date-Modified = {2007-08-31 13:03:52 +0200},
	Publisher = {Addison-Wesley},
	Title = {Unified Modeling Language Reference Manual},
	Year = {2004}}

@article{Navathe:com1992,
	Author = {Navathe, S. B.},
	Date-Added = {2007-08-31 12:57:51 +0200},
	Date-Modified = {2007-08-31 12:57:51 +0200},
	Journal = {Communications of the ACM},
	Number = {9},
	Pages = {112-123},
	Publisher = {ACM Press},
	Title = {Evolution of data modeling for databases},
	Volume = {35},
	Year = {1992}}

@url{ocl,
	Author = {OMG},
	Date-Added = {2007-08-31 12:57:51 +0200},
	Date-Modified = {2007-08-31 12:57:51 +0200},
	Lastchecked = {June 2005},
	Title = {Object Constraint Language ({OCL}) Specification, version 2.0},
	Url = {http://www.omg.org/technology/documents/formal/uml.htm},
	Year = {2005},
	Bdsk-Url-1 = {http://www.omg.org/technology/documents/formal/uml.htm}}

@book{Gane:1979,
	Author = {C. Gane and T. Sarson},
	Date-Added = {2007-08-31 12:57:51 +0200},
	Date-Modified = {2007-08-31 12:57:51 +0200},
	Publisher = {Prentice-Hall},
	Title = {Structured Systems Analysis: Tools and Techniques},
	Year = {1979}}

@book{Downs:1992,
	Author = {E. Downs and P. Clare and I. Coe},
	Date-Added = {2007-08-31 12:57:51 +0200},
	Date-Modified = {2007-08-31 12:57:51 +0200},
	Publisher = {Prentice Hall},
	Title = {Structured systems analysis and design method: application and context},
	Year = {1992}}

@article{Chen:tds1976,
	Author = {Chen, P. P.},
	Date-Added = {2007-08-31 12:57:51 +0200},
	Date-Modified = {2007-08-31 12:57:51 +0200},
	Journal = {ACM Transactions on Database Systems},
	Number = {1},
	Pages = {1-36},
	Title = {The Entity-Relationship Model: Toward a Unified View of Data},
	Volume = {1},
	Year = {1976}}

@book{Conallen:1999,
	Author = {J. Conallen},
	Date-Added = {2007-08-31 12:57:51 +0200},
	Date-Modified = {2007-08-31 12:57:51 +0200},
	Publisher = {Addison-Wesley Object Technology Series},
	Title = {Building Web Applications with UML},
	Year = {1999}}

@article{Otero:ese2002,
	Author = {C. Otero and Dolado, J. J.},
	Date-Added = {2007-08-31 12:57:51 +0200},
	Date-Modified = {2007-08-31 12:57:51 +0200},
	Journal = {Empirical Software Engineering},
	Number = {1},
	Pages = {27-47},
	Title = {An Initial Experimental Assessment of the Dynamic Modelling in {UML}},
	Volume = {7},
	Year = {2002}}

@inproceedings{Torchiano:iwpc2004,
	Address = {Bari, Italy},
	Author = {M. Torchiano},
	Booktitle = {Proc. of 12th International Workshop in Program Comprehension},
	Date-Added = {2007-08-31 12:57:51 +0200},
	Date-Modified = {2008-01-07 11:56:34 +0100},
	Pages = {226-229},
	Publisher = {IEEE Computer Society},
	Title = {Empirical Assessment of {UML} Static Object Diagrams},
	Year = {2004}}

@article{Purchase:ijhcs2004,
	Author = {Purchase, H. C. and R. Wellanda and M. McGillb and L. Colpoysb},
	Date-Added = {2007-08-31 12:57:51 +0200},
	Date-Modified = {2007-08-31 12:57:51 +0200},
	Journal = {International Journal of Human-Computer Studies},
	Number = {2},
	Pages = {187-203},
	Title = {Comprehension of diagram syntax: an empirical study of entity relationship notations},
	Volume = {61},
	Year = {2004}}

@inproceedings{Purchase:apvis2001,
	Address = {Sydney, Australia},
	Author = {Purchase, H. C. and L. Colpoys and M. McGill and D. Carrington and C. Britton},
	Booktitle = {Proc. of Australian Symposium on Information Visualisation},
	Date-Added = {2007-08-31 12:57:51 +0200},
	Date-Modified = {2007-08-31 12:57:51 +0200},
	Pages = {113-120},
	Publisher = {Australian Computer Society},
	Title = {{UML} class diagram syntax: an empirical study of comprehension},
	Year = {2001}}

@article{Gemino:dke2005,
	Author = {A. Gemino and Y. Wand},
	Date-Added = {2007-08-31 12:57:51 +0200},
	Date-Modified = {2007-08-31 12:57:51 +0200},
	Journal = {Data and Knowledge Engineering},
	Number = {3},
	Pages = {301-326},
	Title = {Complexity and clarity in conceptual modeling: Comparison of mandatory and optional properties},
	Volume = {55},
	Year = {2005}}

@article{Argwal:tse1999,
	Author = {R. Argwal and P. De and Sinha, A. P.},
	Date-Added = {2007-08-31 12:57:51 +0200},
	Date-Modified = {2007-08-31 12:57:51 +0200},
	Journal = {IEEE TSE},
	Number = {4},
	Pages = {541-556},
	Title = {Comprehending Object and Processes Models: An Empirical Study},
	Volume = {25},
	Year = {1999}}

@inproceedings{Gemino:icis1997,
	Address = {Atlanta, Georgia, USA},
	Author = {W. Gemino and Y. Wand},
	Booktitle = {Proc. of International Conference on Information Systems},
	Date-Added = {2007-08-31 12:57:51 +0200},
	Date-Modified = {2007-08-31 12:57:51 +0200},
	Pages = {446-447},
	Publisher = {ACM Press},
	Title = {Empirical Comparison of Objected Oriented and Dataflow Models},
	Year = {1997}}

@article{Wang:jeb1996,
	Author = {S. Wang},
	Date-Added = {2007-08-31 12:57:51 +0200},
	Date-Modified = {2007-08-31 12:57:51 +0200},
	Journal = {Journal of Education for Business},
	Number = {3},
	Pages = {136-141},
	Title = {Two {MIS} Analysis Methods: An Experimental Comparison},
	Volume = {61},
	Year = {1996}}

@article{Hungerford:ajb2004,
	Author = {Hungerford, B. C. and Eierman, M. A.},
	Date-Added = {2007-08-31 12:57:51 +0200},
	Date-Modified = {2007-08-31 12:57:51 +0200},
	Journal = {American Journal of Business},
	Number = {2},
	Pages = {35-43},
	Title = {The Communication Effectiveness of System Models Using the {UML} versus Structured Techniques: A Field Experiment},
	Volume = {20},
	Year = {2004}}

@inproceedings{Reynoso:sac2006,
	Address = {Dijon, France},
	Author = {L. Reynoso and M. Genero and M. Piattini and Manso, M. E.},
	Booktitle = {Proc. of 21st Annual ACM Symposium on Applied Computing},
	Date-Added = {2007-08-31 12:57:51 +0200},
	Date-Modified = {2008-01-07 11:49:22 +0100},
	Pages = {1721-1727},
	Publisher = {ACM Press},
	Title = {Does object coupling really affect the understanding and modifying of {UML} expressions?},
	Year = {2006}}

@article{Briand:tse2005,
	Author = {L. Briand and Y. Labiche and Di Penta, M. and H. Yan-Bondoc},
	Date-Added = {2007-08-31 12:57:51 +0200},
	Date-Modified = {2007-08-31 12:57:51 +0200},
	Journal = {IEEE TSE},
	Number = {10},
	Pages = {833-849},
	Title = {An experimental investigation of formality in {UML}-based development},
	Volume = {31},
	Year = {2005}}

@inproceedings{Cruz-Lemus:models2005,
	Address = {Montego Bay, Jamaica},
	Author = {Cruz-Lemus, J. A. and M. Genero and Manso, M. E. and M. Piattini},
	Booktitle = {Proc. of 8th ACM/IEEE International Conference on Model Driven Engineering Languages and Systems},
	Date-Added = {2007-08-31 12:57:51 +0200},
	Date-Modified = {2008-01-07 11:00:14 +0100},
	Pages = {113-125},
	Publisher = {Springer},
	Title = {Evaluating the Effect of Composite States on the Understandability of {UML} Statechart Diagrams},
	Year = {2005}}

@inproceedings{Kuzniarz:iwpc2004,
	Address = {Bari, Italy},
	Author = {L. Kuzniarz and M. Staron and C. Wholin},
	Booktitle = {Proc. of 12th IEEE IWPC},
	Date-Added = {2007-08-31 12:57:51 +0200},
	Date-Modified = {2008-01-07 11:26:33 +0100},
	Pages = {14-23},
	Publisher = {IEEE CS Press},
	Title = {An empirical study on using stereotypes to improve understanding on {UML} models},
	Year = {2004}}

@inproceedings{Ricca:icse2007,
	Address = {Minneapolis, Minnesota, USA},
	Author = {F. Ricca and Di Penta, M. and M. Torchiano and P. Tonella and M. Ceccato},
	Booktitle = {Proc. of 29th ICSE},
	Date-Added = {2007-08-31 12:57:51 +0200},
	Date-Modified = {2008-01-07 11:49:37 +0100},
	Pages = {375-384},
	Publisher = {IEEE Computer Society},
	Title = {The Role of Experience and Ability in Comprehension Tasks supported by {UML} Stereotypes},
	Year = {2007}}

@article{Bock:jdm1993,
	Author = {D. Bock and T. Ryan},
	Date-Added = {2007-08-31 12:57:51 +0200},
	Date-Modified = {2007-08-31 12:57:51 +0200},
	Journal = {Journal of Database Management},
	Number = {4},
	Pages = {30-39},
	Title = {Accuracy in modeling with extended entity relationship and object oriented data models},
	Volume = {4},
	Year = {1993}}

@article{Shoval:jdm1994,
	Author = {P. Shoval and I. Frumermann},
	Date-Added = {2007-08-31 12:57:51 +0200},
	Date-Modified = {2007-08-31 12:57:51 +0200},
	Journal = {Journal of Database Management},
	Number = {4},
	Pages = {28-38},
	Title = {{OO} and {EER} Conceptual Schemas: A Comparison of User Comprehension},
	Volume = {5},
	Year = {1994}}

@article{Palvia:jdm1992,
	Author = {P. Palvia and C. Lio and P. To},
	Date-Added = {2007-08-31 12:57:51 +0200},
	Date-Modified = {2007-08-31 12:57:51 +0200},
	Journal = {Journal of Database Management},
	Number = {4},
	Pages = {4-15},
	Title = {The impact of conceptual data models on end-user performance},
	Volume = {3},
	Year = {1992}}

@article{Shoval:dke1997,
	Author = {P. Shoval and S. Shiran},
	Date-Added = {2007-08-31 12:57:51 +0200},
	Date-Modified = {2007-08-31 12:57:51 +0200},
	Journal = {Data and Knowledge Engineering},
	Number = {3},
	Pages = {297-315},
	Title = {Entity-relationship and object-oriented data modeling - an experimental comparison of design quality},
	Volume = {21},
	Year = {1997}}

@inproceedings{Kagdi:gct2007,
	Address = {Lexington, Kentuky, USA},
	Author = {H. Kagdi and Maletic, J. I.},
	Booktitle = {Proc. of International Symposium on Grand Challenges in Traceability},
	Date-Added = {2007-08-31 12:57:51 +0200},
	Date-Modified = {2008-01-07 11:25:23 +0100},
	Pages = {32-39},
	Publisher = {ACM Press},
	Title = {Software Repositories: A Source for Traceability Links},
	Year = {2007}}

@inproceedings{Rilling:gct2007,
	Address = {Lexington, Kentuky, USA},
	Author = {J. Rilling and R. Witte and Y. Zhang},
	Booktitle = {Proc. of International Symposium on Grand Challenges in Traceability},
	Date-Added = {2007-08-31 12:57:51 +0200},
	Date-Modified = {2008-01-07 11:49:51 +0100},
	Pages = {66-75},
	Publisher = {ACM Press},
	Title = {Automatic Traceability Recovery: An Ontological Approach},
	Year = {2007}}

@inproceedings{Gall:icsm1998,
	Address = {Bethesda, Maryland, USA},
	Author = {H. Gall and K. Hajek AND M. Jazayeri},
	Booktitle = {Proc. of 14th IEEE ICSM},
	Date-Added = {2007-08-31 12:57:51 +0200},
	Date-Modified = {2008-01-07 11:20:11 +0100},
	Pages = {190-198},
	Publisher = {IEEE CS Press},
	Title = {Detection of Logical Coupling Based on Product Release History},
	Year = {1998}}

@article{Zimmermann:tse2005,
	Author = {T. Zimmermann and P. Weissgerber and S. Diehl AND A. Zeller},
	Date-Added = {2007-08-31 12:57:51 +0200},
	Date-Modified = {2007-08-31 12:57:51 +0200},
	Journal = {IEEE TSE},
	Number = {6},
	Pages = {429-445},
	Title = {Mining Version Histories to Guide Software Changes},
	Volume = {31},
	Year = {2005}}

@techreport{Cleland-Huang:tr2006,
	Author = {J. Cleland-Huang and A. Dekhtyar and J. Hayes and G. Antoniol and B. Berenbach and A. Eyged and S. Ferguson and J. Maletic and A. Zisman},
	Date-Added = {2007-08-31 12:57:51 +0200},
	Date-Modified = {2007-08-31 12:57:51 +0200},
	Institution = {Center of Excellence for Traceability},
	Month = {September},
	Number = {COET-GCT-06-01-0.9},
	Title = {Grand Challenges in Traceability},
	Url = {http://www.traceabilitycenter.org/downloads/documents/GrandChallenges/},
	Year = {2006},
	Bdsk-Url-1 = {http://www.traceabilitycenter.org/downloads/documents/GrandChallenges/}}

@inproceedings{Zou:gct2007,
	Address = {Lexington, Kentuky, USA},
	Author = {X. Zou and R. Settimi and J. Cleland-Huang},
	Booktitle = {Proceedings of International Symposium on Grand Challenges in Traceability},
	Date-Added = {2007-08-31 12:57:51 +0200},
	Date-Modified = {2007-08-31 12:57:51 +0200},
	Pages = {40-45},
	Publisher = {ACM Press},
	Title = {Term-based Enhancement Factors for Improving Automated Requirement Trace Retrieval},
	Year = {2007}}

@article{Pfleeger:software2000,
	Author = {S. L. Pfleeger and W. Menezes},
	Date-Added = {2007-08-31 12:57:51 +0200},
	Date-Modified = {2007-08-31 12:57:51 +0200},
	Journal = {IEEE Software},
	Number = {1},
	Pages = {27-33},
	Title = {Marketing technology to software practitioners},
	Volume = {17},
	Year = {2000}}

@inproceedings{DeLucia:gct2007,
	Address = {Lexington, Kentuky, USA},
	Author = {De Lucia, A. and R. Oliveto and G. Tortora},
	Booktitle = {Proc. of International Symposium on Grand Challenges in Traceability},
	Date-Added = {2007-08-31 12:57:51 +0200},
	Date-Modified = {2008-01-07 11:05:14 +0100},
	Pages = {46-55},
	Publisher = {ACM Press},
	Title = {Recovering Traceability Links using Information Retrieval Tools: a Controlled Experiment},
	Year = {2007}}

@book{Juristo:2001,
	Author = {N. Juristo and A. Moreno},
	Date-Added = {2007-08-31 12:57:51 +0200},
	Date-Modified = {2007-08-31 12:57:51 +0200},
	Publisher = {Kluwer Academic Publisher},
	Title = {Basics of Software Engineering Experimentation},
	Year = {2001}}

@inproceedings{Lin:re2006,
	Address = {Minneapolis, Minnesota, USA},
	Author = {J. Lin and C. C. Lin and J. Cleland-Huang and R. Settimi and J. Amaya and G. Bedford and B. Berenbach and O. B. Khadra and C. Duan and X. Zou},
	Booktitle = {Proc. of 14th IEEE International Requirements Engineering Conference},
	Date-Added = {2007-08-31 12:57:51 +0200},
	Date-Modified = {2008-01-07 11:26:49 +0100},
	Pages = {356-357},
	Publisher = {IEEE CS Press},
	Title = {Poirot: A Distributed Tool Supporting Enterprise-Wide Automated Traceability},
	Year = {2006}}

@inproceedings{Buckley:sigir2004,
	Address = {Sheffield, UK},
	Author = {C. Buckley and M. Voorhees},
	Booktitle = {Proc. of the 27th Annual International ACM SIGIR Conference on Research and Development in Information Retrieval},
	Date-Added = {2007-08-31 12:57:51 +0200},
	Date-Modified = {2008-01-07 10:52:03 +0100},
	Pages = {25-32},
	Publisher = {ACM Press},
	Title = {Retrieval evaluation with incomplete information},
	Year = {2004}}

@book{Devore:1999,
	Author = {J. L. Devore and N. Farnum},
	Date-Added = {2007-08-31 12:57:51 +0200},
	Date-Modified = {2007-08-31 12:57:51 +0200},
	Publisher = {Duxbury},
	Title = {Applied Statistics for Engineers and Scientists},
	Year = {1999}}

@book{Conover:1998,
	Author = {W. J. Conover},
	Date-Added = {2007-08-31 12:57:51 +0200},
	Date-Modified = {2007-08-31 12:57:51 +0200},
	Edition = {3rd Edition},
	Publisher = {Wiley},
	Title = {Practical Nonparametric Statistics},
	Year = {1998}}

@book{Oppenheim:1992,
	Author = {A. N. Oppenheim},
	Date-Added = {2007-08-31 12:57:51 +0200},
	Date-Modified = {2007-08-31 12:57:51 +0200},
	Publisher = {Pinter Publishers},
	Title = {Questionnaire Design, Interviewing and Attitude Measurement},
	Year = {1992}}

@book{Wohlin:2000,
	Author = {C. Wohlin and P. Runeson and M. Host and M. C. Ohlsson and B. Regnell and A. Wesslen},
	Date-Added = {2007-08-31 12:57:51 +0200},
	Date-Modified = {2007-08-31 12:57:51 +0200},
	Publisher = {Kluwer},
	Title = {Experimentation in Software Engineering - An Introduction},
	Year = {2000}}

@inproceedings{DiPenta:iwpc2002,
	Address = {Paris, France},
	Author = {Di Penta, M. and S. Gradara and G. Antoniol},
	Booktitle = {Proc. of 10th International Workshop in Program Comprehension},
	Date-Added = {2007-08-31 12:57:51 +0200},
	Date-Modified = {2008-01-07 11:08:09 +0100},
	Pages = {207-216},
	Publisher = {IEEE CS Press},
	Title = {Traceability Recovery in {RAD} Software Systems},
	Year = {2002}}

@techreport{DeLucia:tr2005quality,
	Author = {De Lucia, A. and F. Fasano and R. Oliveto and G. Tortora},
	Date-Added = {2007-08-31 12:57:51 +0200},
	Date-Modified = {2007-08-31 12:57:51 +0200},
	Institution = {University of Salerno},
	Title = {Identifying Quality Warnings via Traceability Information},
	Year = {2005}}

@inproceedings{Lormans:csmr2006,
	Address = {Bari, Italy},
	Author = {M. Lormans and A. van Deursen},
	Booktitle = {Proceedings of 10th European Conference on Software Maintenance and Reengineering},
	Date-Added = {2007-08-31 12:57:51 +0200},
	Date-Modified = {2010-02-19 22:35:41 +0100},
	Pages = {45-54},
	Publisher = {IEEE CS Press},
	Title = {Can {LSI} help Reconstructing Requirements Traceability in Design and Test?},
	Year = {2006}}

@inproceedings{DeLucia:icpc2006coconut,
	Address = {Athens, Greece},
	Author = {De Lucia, A. and Di Penta, M. and R. Oliveto and F. Zurolo},
	Booktitle = {Proc. of 14th IEEE ICPC},
	Date-Added = {2007-08-31 12:57:51 +0200},
	Date-Modified = {2008-01-07 11:05:32 +0100},
	Pages = {317-326},
	Publisher = {IEEE CS Press},
	Title = {Improving Comprehensibility of Source Code via Traceability Information: a Controlled Experiment},
	Year = {2006}}

@article{Dumais:brm1991,
	Author = {S. T. Dumais},
	Date-Added = {2007-08-31 12:57:51 +0200},
	Date-Modified = {2007-08-31 12:57:51 +0200},
	Journal = {Behavior Research Methods, Instruments and Computers},
	Pages = {229-236},
	Title = {Improving the Retrieval of Information from External Sources},
	Volume = {23},
	Year = {1991}}

@inproceedings{Gotel:re1994,
	Address = {Colorado Springs, Colorado, USA},
	Author = {O. Gotel and A. Finkelstein},
	Booktitle = {Proc. of 1st International Conference on Requirements Engineering},
	Date-Added = {2007-08-31 12:57:51 +0200},
	Date-Modified = {2008-01-07 11:22:50 +0100},
	Pages = {94-101},
	Publisher = {IEEE CS Press},
	Title = {An Analysis of the Requirements Traceability Problem},
	Year = {1994}}

@inproceedings{DeLucia:icsm2004,
	Address = {Chicago, Illinois, USA},
	Author = {De Lucia, A. and F. Fasano and R. Oliveto and G. Tortora},
	Booktitle = {Proc. of 20th IEEE ICSM},
	Date-Added = {2007-08-31 12:57:51 +0200},
	Date-Modified = {2008-01-07 11:06:02 +0100},
	Pages = {306-315},
	Publisher = {IEEE CS Press},
	Title = {Enhancing an Artefact Management System with Traceability Recovery Features},
	Year = {2004}}

@url{RDD-100:ws2006,
	Author = {RDD-100},
	Date-Added = {2007-08-31 12:57:51 +0200},
	Date-Modified = {2008-02-05 18:38:54 +0100},
	Lastchecked = {November 2006},
	Title = {Web site: http://www.holagent.com/products/product1.html},
	Urldate = {http://www.holagent.com/products/product1.html},
	Year = {2006},
	Bdsk-Url-1 = {http://www.holagent.com/products/product1.html}}

@webpage{DOORS:ws2006,
	Author = {DOORS},
	Date-Added = {2007-08-31 12:57:51 +0200},
	Date-Modified = {2007-08-31 12:57:51 +0200},
	Lastchecked = {November 2006},
	Title = {Web site: http://www.telelogic.com/products/doors/index.cfm},
	Url = {http://www.telelogic.com/products/doors/index.cfm},
	Year = {2006},
	Bdsk-Url-1 = {http://www.telelogic.com/products/doors/index.cfm}}

@webpage{RequisitePro:ws2006,
	Author = {RequisitePro},
	Date-Added = {2007-08-31 12:57:51 +0200},
	Date-Modified = {2007-08-31 12:57:51 +0200},
	Lastchecked = {November 2006},
	Title = {http://www-306.ibm.com/software/awdtools/reqpro/},
	Url = {http://www-306.ibm.com/software/awdtools/reqpro/},
	Year = {2006},
	Bdsk-Url-1 = {http://www-306.ibm.com/software/awdtools/reqpro/}}

@webpage{Eclipse:ws2008,
	Author = {Eclipse},
	Date-Added = {2007-08-31 12:57:51 +0200},
	Date-Modified = {2008-02-02 16:02:38 +0100},
	Lastchecked = {February 2008},
	Title = {Web site: http://www.eclipse.org/},
	Url = {http://www.eclipse.org/},
	Year = {2008},
	Bdsk-Url-1 = {http://www.eclipse.org/}}

@inproceedings{DeLucia:icpc2006traceability,
	Address = {Athens, Greece},
	Author = {De Lucia, A. and F. Fasano and R. Oliveto and G. Tortora},
	Booktitle = {Proc. of 14th IEEE ICPC},
	Date-Added = {2007-08-31 12:57:51 +0200},
	Date-Modified = {2008-01-07 11:05:43 +0100},
	Pages = {307-316},
	Publisher = {IEEE CS Press},
	Title = {Can Information Retrieval Effectively Support Traceability Link Recovery?},
	Year = {2006}}

@inproceedings{DeLucia:icsm2006coconut,
	Address = {Sheraton Society Hill, Philadelphia, Pennsylvania},
	Author = {De Lucia, A. and Di Penta, M. and R. Oliveto and F. Zurolo},
	Booktitle = {Proc. of 22nd IEEE ICSM},
	Date-Added = {2007-08-31 12:57:51 +0200},
	Date-Modified = {2008-01-07 11:06:12 +0100},
	Pages = {274-275},
	Publisher = {IEEE CS Press},
	Title = {{COCONUT: COde COmprehension Nurturant Using Traceability}},
	Year = {2006}}

@article{Hayes:tse2006,
	Author = {J. H. Hayes and A. Dekhtyar and S. K. Sundaram},
	Date-Added = {2007-08-31 12:57:51 +0200},
	Date-Modified = {2010-02-19 22:35:22 +0100},
	Journal = {IEEE Transactions on Software Engineering},
	Number = {1},
	Pages = {4-19},
	Title = {Advancing Candidate Link Generation for Requirements Tracing: The Study of Methods.},
	Volume = {32},
	Year = {2006}}

@inproceedings{Zisman:serp2003,
	Address = {Las Vegas, Nevada, USA},
	Author = {A. Zisman and G. Spanoudakis and E. Perez-Mi{\~n}ana and P. Kraus},
	Booktitle = {Proc. of the International Conference on Software Engineering Research and Practice},
	Date-Added = {2007-08-31 12:57:51 +0200},
	Date-Modified = {2007-08-31 12:57:51 +0200},
	Pages = {448-455},
	Publisher = {CSREA Press},
	Title = {Tracing Software Requirements Artifacts},
	Year = {2003}}

@inproceedings{Weidl:icsac1998,
	Address = {Vienna, Austria},
	Author = {J. Weidl and H. Gall},
	Booktitle = {Proc. of 22nd IEEE Annual International Computer Software and Applications Conference},
	Date-Added = {2007-08-31 12:57:51 +0200},
	Date-Modified = {2008-01-07 11:56:50 +0100},
	Pages = {26-31},
	Publisher = {IEEE CS Press},
	Title = {Binding Object Models to Source Code},
	Year = {1998}}

@inproceedings{Settimi:wpse2004,
	Address = {Kyoto, Japan},
	Author = {R. Settimi and J. Cleland-Huang and Ben Khadra, O. and J. Mody and W. Lukasik and De Palma, C.},
	Booktitle = {Proceedings of 7th IEEE International Workshop on Principles of Software Evolution},
	Date-Added = {2007-08-31 12:57:51 +0200},
	Date-Modified = {2010-02-19 22:37:06 +0100},
	Pages = {49-54},
	Publisher = {IEEE CS Press},
	Title = {Supporting Software Evolution through Dynamically Retrieving Traces to {UML} Artifacts},
	Year = {2004}}

@article{Salton:ipm1988,
	Author = {G. Salton and C. Buckley},
	Booktitle = {Information Processing and Management},
	Chapter = {Term-Weighting Approaches in Automatic Text Retrieval},
	Date-Added = {2007-08-31 12:57:51 +0200},
	Date-Modified = {2007-08-31 12:57:51 +0200},
	Journal = {Information Processing and Management},
	Number = {5},
	Pages = {513-523},
	Title = {Term-Weighting Approaches in Automatic Text Retrieval},
	Volume = {24},
	Year = {1988}}

@article{Ramesh:tse1992,
	Author = {B. Ramesh and V. Dhar},
	Date-Added = {2007-08-31 12:57:51 +0200},
	Date-Modified = {2007-08-31 12:57:51 +0200},
	Journal = {IEEE TSE},
	Number = {2},
	Pages = {498-510},
	Title = {Supporting Systems Development Using Knowledge Captured During Requirements Engineering},
	Volume = {9},
	Year = {1992}}

@article{Pinhero:sw1996,
	Author = {F. A. C. Pinhero and J. A. Goguen},
	Date-Added = {2007-08-31 12:57:51 +0200},
	Date-Modified = {2007-08-31 12:57:51 +0200},
	Journal = {IEEE Software},
	Number = {2},
	Pages = {52-64},
	Title = {An Object-Oriented Tool for Tracing Requirements},
	Volume = {13},
	Year = {1996}}

@article{Murphy:tse2001,
	Author = {G. C. Murphy and D. Notkin and K. Sullivan},
	Journal = {IEEE Transactions on Software Engineering},
	Number = {4},
	Pages = {364-380},
	Title = {Software Reflexion Models: Bridging the Gap between Design and Implementation},
	Volume = {27},
	Year = {2001}}

@inproceedings{Marcus:tefse2005,
	Address = {Long Beach California, USA},
	Author = {A. Marcus and X. Xie and D. Poshyvanyk},
	Booktitle = {Proc. of 3rd International Workshop on Traceability in Emerging Forms of Software Engineering},
	Date-Added = {2007-08-31 12:57:51 +0200},
	Date-Modified = {2008-01-07 11:36:01 +0100},
	Pages = {56-61},
	Publisher = {ACM Press},
	Title = {When and How to Visualize Traceability Links?},
	Year = {2005}}

@inproceedings{Marcus:icse2003,
	Address = {Portland, Oregon, USA},
	Author = {A. Marcus and J. I. Maletic},
	Booktitle = {Proceedings of 25th International Conference on Software Engineering},
	Date-Added = {2007-08-31 12:57:51 +0200},
	Date-Modified = {2010-02-19 22:36:39 +0100},
	Pages = {125-135},
	Title = {Recovering Documentation-to-Source-Code Traceability Links using Latent Semantic Indexing},
	Year = {2003}}

@inproceedings{Hayes:re2003,
	Address = {Monterey, California, USA},
	Author = {J. H. Hayes and A. Dekhtyar and J. Osborne},
	Booktitle = {Proceedings of the 11th IEEE International Requirements Engineering Conference},
	Date-Added = {2007-08-31 12:57:51 +0200},
	Date-Modified = {2008-01-07 11:23:26 +0100},
	Pages = {138-147},
	Publisher = {IEEE CS Press},
	Title = {Improving Requirements Tracing via Information Retrieval},
	Year = {2003}}

@inbook{Harman:1992,
	Address = {Englewood Cliffs},
	Author = {D. Harman},
	Chapter = {Ranking Algorithms},
	Date-Added = {2007-08-31 12:57:51 +0200},
	Date-Modified = {2007-08-31 12:57:51 +0200},
	Pages = {363-392},
	Publisher = {Prentice-Hall},
	Title = {Information Retrieval: Data Structures and Algorithms},
	Year = {1992}}

@article{Deerwester:jasis1990,
	Author = {S. Deerwester and S. T. Dumais and G. W. Furnas and T. K. Landauer and R. Harshman},
	Date-Added = {2007-08-31 12:57:51 +0200},
	Date-Modified = {2007-08-31 12:57:51 +0200},
	Journal = {Journal of the American Society for Information Science},
	Number = {6},
	Pages = {391-407},
	Title = {Indexing by Latent Semantic Analysis},
	Volume = {41},
	Year = {1990}}

@inproceedings{DeLucia:csmr2005,
	Address = {Manchester, UK},
	Author = {De Lucia, A. and F. Fasano and R. Oliveto and G. Tortora},
	Booktitle = {Proc. of 9th European Conference on Software Maintenance and Reengineering},
	Date-Added = {2007-08-31 12:57:51 +0200},
	Date-Modified = {2008-01-07 11:45:14 +0100},
	Pages = {32-41},
	Publisher = {IEEE CS Press},
	Title = {{ADAMS Re-Trace}: a Traceability Recovery Tool},
	Year = {2005}}

@inproceedings{DeLucia:seke2004,
	Address = {Banff, Alberta, Canada},
	Author = {De Lucia, A. and F. Fasano and R. Francese and G. Tortora},
	Booktitle = {Proc. of 16th International Conference on Software Engineering and Knowledge Engineering},
	Date-Added = {2007-08-31 12:57:51 +0200},
	Date-Modified = {2008-01-07 11:06:32 +0100},
	Pages = {31-36},
	Publisher = {KSI Press},
	Title = {{ADAMS}: an Artefact-based Process Support System},
	Year = {2004}}

@inbook{Cullum:1998,
	Address = {Boston},
	Author = {J. K. Cullum and R. A. Willoughby},
	Chapter = {Real rectangular matrices},
	Date-Added = {2007-08-31 12:57:51 +0200},
	Date-Modified = {2007-08-31 12:57:51 +0200},
	Publisher = {Birkhauser},
	Title = {Lanczos Algorithms for Large Symmetric Eigenvalue Computations},
	Volume = {1},
	Year = {1998}}

@article{Conklin:tois1988,
	Author = {J. Conklin and M. L. Begeman},
	Date-Added = {2007-08-31 12:57:51 +0200},
	Date-Modified = {2008-01-07 10:59:08 +0100},
	Journal = {ACM Transactions Office Information Systems},
	Number = {4},
	Pages = {303-331},
	Title = {Gibis: A Hypertext Tool for Exploratory Policy Discussion},
	Volume = {6},
	Year = {1988}}

@inproceedings{Cleland-Huang:re2005,
	Address = {Paris, France},
	Author = {J. Cleland-Huang and R. Settimi and C. Duan and X. Zou},
	Booktitle = {Proceedings of 13th IEEE International Requirements Engineering Conference},
	Date-Added = {2007-08-31 12:57:51 +0200},
	Date-Modified = {2010-02-19 22:33:53 +0100},
	Pages = {135-144},
	Publisher = {IEEE CS Press},
	Title = {Utilizing Supporting Evidence to Improve Dynamic Requirements Traceability},
	Year = {2005}}

@article{Cleland-Huang:tse2003,
	Author = {J. Cleland-Huang and C. K. Chang},
	Date-Added = {2007-08-31 12:57:51 +0200},
	Date-Modified = {2007-08-31 12:57:51 +0200},
	Journal = {IEEE TSE},
	Number = {9},
	Pages = {796-810},
	Title = {Event-Based Traceability for Managing Evolutionary Change},
	Volume = {29},
	Year = {2003}}

@article{Chen:jss1999,
	Author = {J. Y. J. Chen and S. C. Chou},
	Date-Added = {2007-08-31 12:57:51 +0200},
	Date-Modified = {2007-08-31 12:57:51 +0200},
	Journal = {The Journal of Systems and Software},
	Pages = {105-110},
	Title = {Consistency Management in a Process Environment},
	Volume = {47},
	Year = {1999}}

@book{Baeza-Yates:1999,
	Author = {R. Baeza-Yates and B. Ribeiro-Neto},
	Date-Added = {2007-08-31 12:57:51 +0200},
	Date-Modified = {2007-08-31 12:57:51 +0200},
	Publisher = {Addison-Wesley},
	Title = {Modern Information Retrieval},
	Year = {1999}}

@inproceedings{Antoniol:wcre2000,
	Address = {Brisbane, Queensland, Australia},
	Author = {G. Antoniol and G. Casazza and A. Cimitile},
	Booktitle = {Proceedings of 7th Working Conference on Reverse Engineering},
	Date-Added = {2007-08-31 12:57:51 +0200},
	Date-Modified = {2010-02-19 22:37:37 +0100},
	Pages = {240-247},
	Publisher = {IEEE CS Press},
	Title = {Traceability Recovery by Modelling Programmer Behaviour},
	Year = {2000}}

@article{Antoniol:ase2000,
	Author = {G. Antoniol and B. Caprile and A. Potrich and P. Tonella},
	Date-Added = {2007-08-31 12:57:51 +0200},
	Date-Modified = {2008-01-07 10:44:43 +0100},
	Journal = {Annals of Software Engineering},
	Pages = {35-58},
	Title = {Design-Code Traceability for Object Oriented Systems},
	Volume = {9},
	Year = {2000}}

@inproceedings{Antoniol:csmr2000,
	Address = {Zurich, Switzerland},
	Author = {G. Antoniol and G. Canfora and G. Casazza and De Lucia, A.},
	Booktitle = {Proceedings of 4th European Conference on Software Maintenance and Reengineering},
	Date-Added = {2007-08-31 12:57:51 +0200},
	Date-Modified = {2008-01-07 11:45:08 +0100},
	Pages = {227-230},
	Publisher = {IEEE CS Press},
	Title = {Identifying the Starting Impact Set of a Maintenance Request},
	Year = {2000}}

@article{Antoniol:tse2002,
	Author = {G. Antoniol and G. Canfora and G. Casazza and De Lucia, A. and E. Merlo},
	Date-Added = {2007-08-31 12:57:51 +0200},
	Date-Modified = {2010-02-19 22:31:40 +0100},
	Journal = {IEEE Transactions on Software Engineering},
	Number = {10},
	Pages = {970-983},
	Title = {Recovering traceability links between code and documentation},
	Volume = {28},
	Year = {2002}}

@inproceedings{DeLucia:icsm2006feedback,
	Address = {Sheraton Society Hill, Philadelphia, Pennsylvania},
	Author = {De Lucia, A. and R. Oliveto and P. Sgueglia},
	Booktitle = {Proceedings of 22nd IEEE International Conference on Software Maintenance},
	Date-Added = {2007-08-31 12:57:51 +0200},
	Date-Modified = {2010-02-19 22:35:10 +0100},
	Pages = {299-309},
	Publisher = {IEEE CS Press},
	Title = {Incremental Approach and User Feedbacks: a Silver Bullet for Traceability Recovery},
	Year = {2006}}

@article{Blei:jmlr2003,
	Author = {Blei, David M. and Ng, Andrew Y. and Jordan, Michael I.},
	Doi = {http://dx.doi.org/10.1162/jmlr.2003.3.4-5.993},
	Issn = {1532-4435},
	Journal = {The Journal of Machine Learning Research},
	Pages = {993--1022},
	Publisher = {JMLR.org},
	Title = {Latent dirichlet allocation},
	Volume = {3},
	Year = {2003},
	Bdsk-Url-1 = {http://dx.doi.org/10.1162/jmlr.2003.3.4-5.993}}

@article{Blei:aas2007,
	Author = {D. Blei and J. Lafferty},
	Journal = {The Annals of Applied Statistics},
	Pages = {19},
	Publisher = {MIT; 1998},
	Title = {{A Correlated Topic Models of Science}},
	Volume = {1},
	Year = {2007}}

@inproceedings{Maskeri:isec2008,
	Address = {New York, NY, USA},
	Author = {Maskeri, Girish and Sarkar, Santonu and Heafield, Kenneth},
	Booktitle = {ISEC '08: Proc. of the 1st conference on India software engineering conference},
	Doi = {http://doi.acm.org/10.1145/1342211.1342234},
	Isbn = {978-1-59593-917-3},
	Location = {Hyderabad, India},
	Pages = {113--120},
	Publisher = {ACM},
	Title = {Mining business topics in source code using latent dirichlet allocation},
	Year = {2008},
	Bdsk-Url-1 = {http://doi.acm.org/10.1145/1342211.1342234}}

@article{Jacobs:nc1995,
	Address = {Cambridge, MA, USA},
	Author = {Jacobs, Robert A.},
	Doi = {http://dx.doi.org/10.1162/neco.1995.7.5.867},
	Issn = {0899-7667},
	Journal = {Neural Computation},
	Number = {5},
	Pages = {867--888},
	Publisher = {MIT Press},
	Title = {Methods for combining experts' probability assessments},
	Volume = {7},
	Year = {1995},
	Bdsk-Url-1 = {http://dx.doi.org/10.1162/neco.1995.7.5.867}}

@inproceedings{Liu:icsm2009,
	Author = {Yixun Liu and Denys Poshyvanyk and Rudolf Ferenc and Tibor Gyim{\'o}thy and Nikos Chrisochoides},
	Booktitle = {Proc. of 25th ICSM},
	Pages = {233-242},
	Title = {Modeling class cohesion as mixtures of latent topics},
	Year = {2009}}

@article{Baldi:oopsla2006,
	Address = {New York, NY, USA},
	Author = {Baldi, Pierre F. and Lopes, Cristina V. and Linstead, Erik J. and Bajracharya, Sushil K.},
	Issn = {0362-1340},
	Journal = {SIGPLAN Not.},
	Number = {10},
	Pages = {543--562},
	Publisher = {ACM},
	Title = {A theory of aspects as latent topics},
	Volume = {43},
	Year = {2008}}

@inproceedings{McMillan:tefse2009,
	Address = {Washington, DC, USA},
	Author = {McMillan, Collin and Poshyvanyk, Denys and Revelle, Meghan},
	Booktitle = {TEFSE '09: Proceedings of the 2009 ICSE Workshop on Traceability in Emerging Forms of Software Engineering},
	Doi = {http://dx.doi.org/10.1109/TEFSE.2009.5069582},
	Isbn = {978-1-4244-3741-2},
	Pages = {41--48},
	Publisher = {IEEE Computer Society},
	Title = {Combining textual and structural analysis of software artifacts for traceability link recovery},
	Year = {2009},
	Bdsk-Url-1 = {http://dx.doi.org/10.1109/TEFSE.2009.5069582}}

@inproceedings{Kildall:popl1973,
	Address = {New York, NY, USA},
	Author = {Kildall, Gary A.},
	Booktitle = {POPL '73: Proceedings of the 1st annual ACM SIGACT-SIGPLAN symposium on Principles of programming languages},
	Doi = {http://doi.acm.org/10.1145/512927.512945},
	Location = {Boston, Massachusetts},
	Pages = {194--206},
	Publisher = {ACM},
	Title = {A unified approach to global program optimization},
	Year = {1973},
	Bdsk-Url-1 = {http://doi.acm.org/10.1145/512927.512945}}

@article{kam:acm1976,
	Address = {New York, NY, USA},
	Author = {Kam, John B. and Ullman, Jeffrey D.},
	Doi = {http://doi.acm.org/10.1145/321921.321938},
	Issn = {0004-5411},
	Journal = {J. ACM},
	Number = {1},
	Pages = {158--171},
	Publisher = {ACM},
	Title = {Global Data Flow Analysis and Iterative Algorithms},
	Volume = {23},
	Year = {1976},
	Bdsk-Url-1 = {http://doi.acm.org/10.1145/321921.321938}}

@article{Ryder:tse1990,
	Address = {Piscataway, NJ, USA},
	Author = {Ryder, Barbara G. and Landi, William and Pande, Hemant D.},
	Doi = {http://dx.doi.org/10.1109/32.44377},
	Issn = {0098-5589},
	Journal = {IEEE Transactions on Software Engineering},
	Number = {2},
	Pages = {129--140},
	Publisher = {IEEE Press},
	Title = {Profiling an Incremental Data Flow Analysis Algorithm},
	Volume = {16},
	Year = {1990},
	Bdsk-Url-1 = {http://dx.doi.org/10.1109/32.44377}}
